595.276 782.362
47.4485 40.2541 17.048 7.17309 Mon.
66.4891 40.2541 13.9477 7.17309 Not.
82.4293 40.2541 7.30858 7.17309 R.
91.7304 40.2541 23.6871 7.17309 Astron.
117.41 40.2541 13.9477 7.17309 Soc.
133.35 40.3099 13.9477 7.02166 339,
149.29 40.2541 27.8954 7.17309 435–441
179.178 40.2541 21.2483 7.17309 (2003)

47.4485 78.4687 44.2659 14.0433 X-Ray
95.6995 78.4687 25.6956 14.0433 and
125.38 78.4687 46.0512 14.0433 optical
175.416 78.4687 85.5829 14.0433 observations
264.984 78.4687 13.2782 14.0433 of
282.248 78.4687 32.7731 14.0433 XTE
319.006 78.4687 83.3194 14.0433 J0052−723:
406.31 78.4687 7.9701 14.0433 a
418.265 78.4687 61.0988 14.0433 transient

47.4485 97.3898 61.9755 14.0433 Be/X-ray
113.409 97.3898 43.4052 14.0433 pulsar
160.799 97.3898 13.2941 14.0433 in
178.078 97.3898 21.2483 14.0433 the
203.312 97.3898 38.9738 14.0433 Small
246.271 97.3898 75.2696 14.0433 Magellanic
325.525 97.3898 41.6358 14.0433 Cloud

47.4485 131.252 11.563 12.9116 S.
62.5981 131.252 52.9805 12.9116 Laycock,
115.579 129.038 4.9813 8.96634 1
131.919 131.252 13.1555 12.9116 R.
148.661 131.252 13.9445 12.9116 H.
166.192 131.252 13.9445 12.9116 D.
183.723 131.252 42.6369 12.9116 Corbet,
226.355 129.038 13.7584 8.96634 2,3
244.198 131.252 16.3403 12.9116 M.
264.125 131.252 9.16722 12.9116 J.
276.878 131.252 26.6983 12.9116 Coe,
303.577 129.038 4.9813 8.96634 1
312.643 131.252 10.4153 12.9116 F.
326.645 131.252 12.3521 12.9116 E.
342.584 131.252 54.5873 12.9116 Marshall,
397.171 129.038 4.9813 8.96634 2

47.4485 148.188 13.1555 12.9116 C.
64.1905 148.188 63.5967 12.9116 Markwardt
127.787 145.975 13.7584 8.96634 2,4
145.63 148.188 20.7159 12.9116 and
169.933 148.188 15.8095 12.9116 W.
189.329 148.188 29.4814 12.9116 Edge
218.81 145.975 4.9813 8.96634 1

47.4485 164.026 2.9888 5.37984 1
50.9354 165.797 38.0732 6.83835 Department
91.0011 165.797 6.20074 6.83835 of
99.1944 165.797 24.3487 6.83835 Physics
125.536 165.797 11.9552 6.83835 and
139.483 165.797 35.73 6.83835 Astronomy,
177.206 165.797 42.0662 6.83835 Southampton
221.264 165.797 34.6779 6.83835 University,
257.935 165.797 17.7096 6.83835 SO17
277.637 165.797 12.3935 6.83835 1BJ

47.4485 173.989 2.9888 5.37984 2
50.9354 175.76 18.8254 6.83835 NASA
71.7533 175.76 28.4851 6.83835 Goddard
102.231 175.76 19.0326 6.83835 Space
123.256 175.76 19.4869 6.83835 Flight
144.736 175.76 23.3125 6.83835 Centre,
170.041 175.76 33.5701 6.83835 Greenbelt,
205.603 175.76 12.3935 6.83835 MD
219.989 175.76 19.9253 6.83835 20771
241.907 175.76 14.6092 6.83835 USA

47.4485 183.951 2.9888 5.37984 3
50.9354 185.723 38.4398 6.83835 Universities
91.3677 185.723 19.0326 6.83835 Space
112.393 185.723 29.2423 6.83835 Research
143.628 185.723 37.1965 6.83835 Association

47.4485 193.914 2.9888 5.37984 4
50.9354 195.685 38.0732 6.83835 Department
91.0011 195.685 6.20074 6.83835 of
99.1944 195.685 35.73 6.83835 Astronomy,
136.917 195.685 33.1237 6.83835 University
172.033 195.685 6.20074 6.83835 of
180.226 195.685 33.4266 6.83835 Maryland,
215.645 195.685 24.3965 6.83835 College
242.034 195.685 16.8488 6.83835 Park,
260.876 195.685 12.3935 6.83835 MD
275.262 195.685 21.9178 6.83835 20742,
299.172 195.685 14.6092 6.83835 USA

47.4525 228.323 30.0951 7.17309 Accepted
79.5401 228.323 15.9402 7.17309 2002
97.4728 228.323 25.6717 7.17309 October
125.137 228.323 9.96263 7.17309 11.
137.092 228.323 29.3379 7.17309 Received
168.423 228.323 15.9402 7.17309 2002
186.355 228.323 34.0881 7.17309 September
222.436 228.323 10.1858 7.17309 26;
234.614 228.323 6.20074 7.17309 in
242.808 228.323 24.795 7.17309 original
269.595 228.323 15.4939 7.17309 form
287.081 228.323 15.9402 7.17309 2002
305.014 228.323 14.6092 7.17309 June
321.616 228.323 7.9701 7.17309 27

178.955 263.472 55.7952 7.8994 ABSTRACT

178.955 275.182 12.1743 8.96634 On
194.198 275.182 19.9252 8.96634 2000
217.192 275.182 40.9363 8.96634 December
261.197 275.182 12.4532 8.96634 27,
276.718 275.182 26.0123 8.96634 during
305.789 275.182 13.2801 8.96634 our
322.138 275.182 28.0646 8.96634 regular
353.271 275.182 23.2527 8.96634 Small
379.592 275.182 44.8217 8.96634 Magellanic
427.482 275.182 24.3586 8.96634 Cloud
454.909 275.182 27.6761 8.96634 (SMC)
485.644 275.182 44.2838 8.96634 monitoring
532.986 275.182 16.5977 8.96634 pro-

178.955 287.635 32.6474 8.96634 gramme
213.964 287.635 21.589 8.96634 using
237.914 287.635 12.1743 8.96634 the
252.459 287.934 21.589 8.54791 Rossi
276.41 287.934 22.5354 8.54791 X-ray
301.306 287.934 27.6861 8.54791 Timing
331.353 287.934 35.0484 8.54791 Explorer
369.002 287.635 33.1555 8.96634 (RXTE),
404.519 287.635 24.9065 8.96634 strong
431.786 287.635 40.4083 8.96634 pulsations
474.556 287.635 19.3573 8.96634 were
496.274 287.635 33.1954 8.96634 detected
531.831 287.635 17.7135 8.96634 with

178.955 300.089 4.42339 8.96634 a
186.427 300.089 25.4544 8.96634 period
214.93 300.089 8.29885 8.96634 of
226.278 300.089 17.4346 8.96634 4.78
246.761 300.089 6.3661 8.96634 s.
256.176 300.089 45.9375 8.96634 Subsequent
305.162 300.089 18.0124 8.96634 slew
326.223 300.089 50.1119 8.96634 observations
379.383 300.089 41.4942 8.96634 performed
423.926 300.089 9.9626 8.96634 on
436.937 300.089 30.9837 8.96634 January
470.969 300.089 4.9813 8.96634 9
478.999 300.089 14.386 8.96634 and
496.434 300.089 9.9626 8.96634 13
509.445 300.089 24.8965 8.96634 across
537.39 300.089 12.1743 8.96634 the

178.955 312.542 17.7135 8.96634 ﬁeld
199.548 312.542 8.29885 8.96634 of
210.726 312.542 19.1182 8.96634 view
232.724 312.542 31.2925 8.96634 allowed
266.895 312.542 46.4855 8.96634 localization
316.26 312.542 8.29885 8.96634 of
327.438 312.542 12.1743 8.96634 the
342.491 312.542 30.9936 8.96634 pulsar’s
376.364 312.542 32.1095 8.96634 position
411.353 312.542 7.7509 8.96634 to
421.983 312.542 16.6077 8.96634 RA:
441.47 312.542 4.9813 8.96634 0
446.453 310.967 3.4869 6.27642 h
450.438 312.542 9.9626 8.96634 52
460.401 310.967 5.42562 6.27642 m
466.325 312.542 9.9626 8.96634 17
476.287 310.967 2.71281 6.27642 s
479.498 312.542 2.49065 8.96634 ,
484.868 312.542 21.3 8.96634 Dec.:
509.047 312.542 9.9626 8.96634 72
519.01 310.5 3.4869 6.9738 ◦
522.995 312.542 9.9626 8.96634 19
535.339 312.542 9.9626 8.96634 51

178.955 324.995 32.9264 8.96634 (J2000).
214.103 324.995 15.4918 8.96634 The
231.817 324.995 32.4582 8.96634 outburst
266.497 324.995 39.2925 8.96634 continued
308.001 324.995 18.2714 8.96634 until
328.494 324.995 30.9837 8.96634 January
361.699 324.995 12.7322 8.96634 24;
376.653 324.995 22.2863 8.96634 seven
401.161 324.995 19.3773 8.96634 PCA
422.75 324.995 50.1119 8.96634 observations
475.084 324.995 19.3573 8.96634 were
496.663 324.995 34.3112 8.96634 obtained
533.196 324.995 16.3984 8.96634 dur-

178.955 337.449 12.7322 8.96634 ing
194.547 337.449 14.396 8.96634 this
211.802 337.449 27.9451 8.96634 period,
242.606 337.449 32.6574 8.96634 yielding
278.123 337.449 4.42339 8.96634 a
285.406 337.449 40.4083 8.96634 maximum
328.673 337.449 23.2328 8.96634 X-ray
354.765 337.449 42.63 8.96634 luminosity
400.285 336.781 17.7334 9.9626 ∼10
418.022 335.874 6.9738 6.27642 38
428.358 337.449 12.5429 8.96634 erg
443.76 337.449 3.87545 8.96634 s
447.64 335.406 8.92646 6.9738 −1
457.064 337.449 2.49065 8.96634 .
462.414 337.449 40.5677 8.96634 Following
505.841 337.449 43.7159 8.96634 calculation

178.959 349.902 8.29885 8.96634 of
189.479 349.902 12.1743 8.96634 the
203.875 349.902 24.3486 8.96634 pulsar
230.445 349.902 34.6001 8.96634 position,
267.267 349.902 27.1182 8.96634 optical
296.607 349.902 50.1119 8.96634 observations
348.94 349.902 8.29885 8.96634 of
359.461 349.902 12.1743 8.96634 the
373.867 350.201 23.8007 8.54791 RXTE
400.118 349.902 19.3573 8.96634 error
421.697 349.902 14.9439 8.96634 box
438.863 349.902 19.3573 8.96634 were
460.442 349.902 21.579 8.96634 made
484.242 349.902 9.9626 8.96634 on
496.427 349.902 19.9252 8.96634 2001
518.574 349.902 30.9837 8.96634 January

178.959 362.355 9.9626 8.96634 16
191.442 362.355 17.7135 8.96634 with
211.676 362.355 12.1743 8.96634 the
226.371 362.355 16.0497 8.96634 1-m
244.941 362.355 37.0708 8.96634 telescope
284.532 362.355 8.29885 8.96634 of
295.352 362.355 12.1743 8.96634 the
310.046 362.355 23.2527 8.96634 South
335.82 362.355 30.4258 8.96634 African
368.766 362.355 54.2364 8.96634 Astronomical
425.523 362.355 48.9961 8.96634 Observatory
477.04 362.355 33.2053 8.96634 (SAAO)
512.765 362.355 22.1369 8.96634 while
537.423 362.355 12.1743 8.96634 the

178.959 374.808 26.0024 8.96634 source
206.953 374.808 15.3922 8.96634 was
224.338 374.808 14.9539 8.96634 still
241.285 374.808 7.7509 8.96634 in
251.028 374.808 23.2328 8.96634 X-ray
276.253 374.808 34.9488 8.96634 outburst.
313.195 374.808 40.3983 8.96634 Candidate
355.585 374.808 11.0684 8.96634 Be
368.646 374.808 18.2614 8.96634 stars
388.9 374.808 37.6387 8.96634 identiﬁed
428.532 374.808 19.3673 8.96634 from
449.891 374.808 18.2614 8.96634 their
470.145 374.808 48.1492 8.96634 photometric
520.277 374.808 29.3299 8.96634 colours

178.959 387.262 19.3573 8.96634 were
201.165 387.262 52.0247 8.96634 subsequently
256.039 387.262 35.8155 8.96634 observed
294.704 387.262 17.7135 8.96634 with
315.267 387.262 12.1743 8.96634 the
330.29 387.262 26.5703 8.96634 SAAO
359.71 387.262 23.5217 8.96634 1.9-m
386.081 387.262 37.0708 8.96634 telescope
426.001 387.262 9.9626 8.96634 on
438.813 387.262 19.9252 8.96634 2001
461.588 387.262 41.7533 8.96634 November
506.19 387.262 4.9813 8.96634 7
514.021 387.262 7.7509 8.96634 to
524.621 387.262 24.9065 8.96634 obtain

178.959 399.715 30.7047 8.96634 spectra.
212.762 399.715 19.9252 8.96634 Only
235.785 399.715 14.386 8.96634 one
253.27 399.715 8.29885 8.96634 of
264.667 399.715 12.1743 8.96634 the
279.939 399.715 63.0931 8.96634 photometrically
346.131 399.715 37.6387 8.96634 identiﬁed
386.868 399.715 18.2614 8.96634 stars
408.228 399.715 47.5913 8.96634 [MA93]537
458.918 399.715 30.1867 8.96634 showed
492.203 399.715 40.9562 8.96634 prominent
536.257 399.715 12.8816 8.96634 Hα

178.959 412.168 37.9177 8.96634 emission,
220.273 412.168 17.7135 8.96634 with
241.384 412.168 4.42339 8.96634 a
249.205 412.168 27.1182 8.96634 double
279.72 412.168 28.1145 8.96634 peaked
311.232 412.168 44.2738 8.96634 line-proﬁle
358.903 412.168 18.8094 8.96634 (EW
381.09 411.501 7.77083 9.9626 =
392.256 411.501 25.2074 9.9626 −43.3
420.86 411.501 7.77083 9.9626 ±
432.028 412.168 23.8903 8.96634 0.7Å,
459.316 412.168 40.9463 8.96634 separation
503.65 411.501 4.85179 9.9626 v
512.297 411.501 7.77083 9.9626 =
523.465 412.168 14.9439 8.96634 200
541.806 411.501 7.77083 9.9626 ±

178.968 424.621 9.9626 8.96634 15
191.422 424.621 12.7322 8.96634 km
206.645 424.621 3.87545 8.96634 s
210.507 422.579 8.92646 6.9738 −1
219.932 424.622 5.8082 8.96634 ),
228.231 424.622 43.7259 8.96634 conﬁrming
274.447 424.622 12.1743 8.96634 the
289.112 424.622 34.8492 8.96634 presence
326.452 424.622 8.29885 8.96634 of
337.241 424.622 4.42339 8.96634 a
344.155 424.622 42.62 8.96634 substantial
389.266 424.622 52.0147 8.96634 circumstellar
443.771 424.622 18.5404 8.96634 disc.

178.956 443.64 16.9065 8.77705 Key
200.784 443.64 29.2303 8.77705 words:
234.935 443.571 21.031 8.96634 stars:
260.888 443.571 29.3199 8.96634 general
295.129 443.571 4.9813 8.96634 –
305.032 443.571 30.9936 8.96634 pulsars:
340.947 443.571 29.3199 8.96634 general
375.189 443.571 4.9813 8.96634 –
385.092 443.571 30.9936 8.96634 pulsars:
421.007 443.571 42.9288 8.96634 individual:
468.857 443.571 19.3673 8.96634 XTE
493.146 443.571 46.5154 8.96634 J0052−723
544.583 443.571 4.9813 8.96634 –

178.956 456.024 44.8217 8.96634 Magellanic
226.268 456.024 28.234 8.96634 Clouds
256.993 456.024 4.9813 8.96634 –
264.465 456.024 29.8778 8.96634 X-rays:
296.833 456.024 34.0322 8.96634 binaries.

47.4485 494.944 4.4832 7.8994 1
57.5805 494.944 3.48793 7.8994 I
62.2341 494.944 6.47374 7.8994 N
69.8735 494.944 5.98059 7.8994 T
77.0197 494.944 14.3462 7.8994 RO
92.5316 494.944 6.47374 7.8994 D
100.171 494.944 6.47374 7.8994 U
107.81 494.944 6.47374 7.8994 C
115.45 494.944 5.98059 7.8994 T
122.596 494.944 3.48793 7.8994 I
127.249 494.944 6.97586 7.8994 O
135.391 494.944 6.47374 7.8994 N

47.4485 511.317 38.8514 8.06976 High-mass
89.4292 511.317 20.9096 8.06976 X-ray
113.468 511.317 28.3876 8.06976 binaries
144.985 511.317 36.3588 8.06976 (HMXBs)
184.473 511.317 10.948 8.06976 are
198.55 511.317 43.8367 8.06976 traditionally
245.516 511.317 28.9166 8.06976 divided,
277.562 511.317 8.9664 8.06976 on

47.4485 522.274 10.9569 8.06976 the
60.4408 522.274 17.9328 8.06976 basis
80.4 522.274 7.46901 8.06976 of
89.9044 522.274 10.9569 8.06976 the
102.897 522.274 22.407 8.06976 nature
127.339 522.274 7.46901 8.06976 of
136.835 522.274 10.9569 8.06976 the
149.827 522.274 24.4065 8.06976 optical
176.269 522.274 43.0746 8.06976 counterpart,
221.37 522.274 13.9517 8.06976 into
237.348 522.274 9.96167 8.06976 Be
249.345 522.274 12.9475 8.06976 and
264.328 522.274 22.2277 8.06976 super-

47.4485 533.231 17.9328 8.06976 giant
67.7933 533.231 22.9092 8.06976 binary
93.1144 533.231 30.6382 8.06976 systems.
126.165 533.231 6.47374 8.06976 A
135.05 533.231 21.9049 8.06976 recent
159.367 533.231 23.6354 8.06976 survey
185.414 533.231 7.46901 8.06976 of
195.295 533.231 10.9569 8.06976 the
208.664 533.231 32.3687 8.06976 literature
243.445 533.231 25.0342 8.06976 reveals
270.891 533.231 15.6912 8.06976 that,

47.4485 544.187 7.46901 8.06976 of
56.6032 544.187 10.9569 8.06976 the
69.2458 544.187 8.9664 8.06976 96
79.8979 544.187 32.8708 8.06976 proposed
114.454 544.187 28.5311 8.06976 massive
144.671 544.187 20.9096 8.06976 X-ray
167.267 544.187 22.9092 8.06976 binary
191.861 544.187 21.9139 8.06976 pulsar
215.461 544.187 30.6382 8.06976 systems,
247.785 544.187 8.9664 8.06976 67
258.437 544.187 11.4501 8.06976 per
271.573 544.187 14.938 8.06976 cent

47.4485 555.144 7.46901 8.06976 of
57.1681 555.144 10.9569 8.06976 the
70.3756 555.144 33.8751 8.06976 identiﬁed
106.501 555.144 28.3966 8.06976 systems
137.148 555.144 11.8625 8.06976 fall
151.261 555.144 22.9181 8.06976 within
176.43 555.144 10.9569 8.06976 the
189.638 555.144 33.364 8.06976 Be/X-ray
225.252 555.144 20.9186 8.06976 group
248.421 555.144 7.46901 8.06976 of
258.141 555.144 28.3876 8.06976 binaries

47.4485 566.101 17.4307 8.06976 (Coe
67.8202 566.101 23.1602 8.06976 2000).
93.9214 566.101 7.46901 8.06976 In
104.331 566.101 10.9569 8.06976 the
118.229 566.101 20.9276 8.06976 Small
142.098 566.101 40.3398 8.06976 Magellanic
185.379 566.101 21.9228 8.06976 Cloud
210.242 566.101 27.1503 8.06976 (SMC),
240.334 566.101 23.9134 8.06976 almost
267.188 566.101 8.9664 8.06976 all
279.095 566.101 7.46901 8.06976 of

47.4485 577.058 10.9569 8.06976 the
61.3106 577.058 28.3966 8.06976 systems
92.6123 577.058 33.8751 8.06976 identiﬁed
129.392 577.058 7.97113 8.06976 so
140.269 577.058 9.86304 8.06976 far
153.037 577.058 26.2536 8.06976 (except
182.196 577.058 18.937 8.06976 SMC
204.038 577.058 16.1844 8.06976 X-1,
223.127 577.058 3.98108 8.06976 a
230.013 577.058 13.4496 8.06976 B0I
246.368 577.058 40.1784 8.06976 supergiant)

47.4485 588.015 10.948 8.06976 are
60.5125 588.015 30.0195 8.06976 believed
92.6481 588.015 6.97586 8.06976 to
101.74 588.015 8.46428 8.06976 be
112.32 588.015 7.46901 8.06976 of
121.905 588.015 12.9564 8.06976 this
136.978 588.015 15.4401 8.06976 type
154.534 588.015 27.3834 8.06976 (Haberl
184.034 588.015 6.97586 8.06976 &
193.126 588.015 23.4113 8.06976 Sasaki
218.653 588.015 23.1602 8.06976 2000).
243.929 588.015 13.9428 8.06976 The
259.988 588.015 16.9375 8.06976 orbit
279.042 588.015 7.46901 8.06976 of

47.4485 598.972 10.9569 8.06976 the
60.387 598.972 9.96167 8.06976 Be
72.3303 598.972 12.9475 8.06976 star
87.2593 598.972 12.9475 8.06976 and
102.188 598.972 10.9569 8.06976 the
115.127 598.972 30.3782 8.06976 compact
147.487 598.972 24.1555 8.06976 object,
173.624 598.972 3.98108 8.06976 a
179.586 598.972 27.3924 8.06976 neutron
208.96 598.972 14.8304 8.06976 star,
225.772 598.972 5.98059 8.06976 is
233.734 598.972 33.364 8.06976 generally
269.08 598.972 17.4307 8.06976 wide

47.4485 609.929 12.9475 8.06976 and
62.9783 609.929 34.6013 8.06976 eccentric.
100.162 609.929 13.9428 8.06976 The
116.687 609.929 24.4065 8.06976 optical
143.676 609.929 12.9475 8.06976 star
159.206 609.929 28.2621 8.06976 exhibits
190.05 609.929 11.5936 8.06976 Hα
204.585 609.929 13.4496 8.06976 line
220.617 609.929 31.8845 8.06976 emission
255.083 609.929 12.9475 8.06976 and
270.613 609.929 15.9333 8.06976 con-

47.4485 620.886 25.4108 8.06976 tinuum
75.3519 620.886 32.3508 8.06976 free–free
110.195 620.886 31.8845 8.06976 emission
144.573 620.886 32.9964 8.06976 (revealed
180.062 620.886 7.46901 8.06976 as
190.023 620.886 23.2678 8.06976 excess
215.784 620.886 13.9517 8.06976 ﬂux
232.228 620.886 6.97586 8.06976 in
241.697 620.886 10.9569 8.06976 the
255.146 620.886 31.3645 8.06976 infrared)

47.4485 631.843 17.428 8.06976 from
67.1441 631.843 3.98108 8.06976 a
73.3928 631.843 14.4422 8.06976 disc
90.1026 631.843 7.46811 8.06976 of
99.8383 631.843 46.8028 8.06976 circumstellar
148.909 631.843 14.1911 8.06976 gas.
165.367 631.843 13.941 8.06976 The
181.576 631.843 9.96077 8.06976 Be
193.804 631.843 12.9448 8.06976 star
209.017 631.843 14.4422 8.06976 disc
225.727 631.843 46.3124 8.06976 phenomenon
274.306 631.843 5.97969 8.06976 is
282.554 631.843 3.98108 8.06976 a

47.4485 642.8 45.8093 8.06976 consequence
95.7236 642.8 7.46901 8.06976 of
105.658 642.8 10.9569 8.06976 the
119.081 642.8 18.426 8.06976 rapid
139.973 642.8 27.8945 8.06976 rotation
170.333 642.8 7.46901 8.06976 of
180.268 642.8 18.426 8.06976 these
201.159 642.8 18.677 8.06976 stars,
222.302 642.8 21.9139 8.06976 which
246.682 642.8 5.98059 8.06976 is
255.128 642.8 31.3824 8.06976 typically

47.4485 653.156 15.9602 8.9664 >60
66.3855 653.757 11.4501 8.06976 per
80.8125 653.757 14.938 8.06976 cent
98.7273 653.757 7.46901 8.06976 of
109.173 653.757 10.9569 8.06976 the
123.107 653.757 31.8666 8.06976 break-up
157.95 653.757 28.7552 8.06976 velocity
189.683 653.757 24.8997 8.06976 (Porter
217.559 653.757 23.1602 8.06976 1996).
243.696 653.757 18.4349 8.06976 Most
265.108 653.757 7.46901 8.06976 of
275.554 653.757 10.9569 8.06976 the

47.4485 664.714 33.364 8.06976 Be/X-ray
83.6728 664.714 26.8902 8.06976 sources
113.423 664.714 10.948 8.06976 are
127.232 664.714 30.8803 8.06976 transient
160.972 664.714 6.97586 8.06976 in
170.808 664.714 10.9569 8.06976 the
184.625 664.714 31.8845 8.06976 emission
219.37 664.714 7.46901 8.06976 of
229.7 664.714 24.3976 8.06976 X-rays
256.957 664.714 12.9475 8.06976 due
272.765 664.714 6.97586 8.06976 to
282.601 664.714 3.98108 8.06976 a

47.4485 675.671 44.832 8.06976 combination
95.6608 675.671 7.46901 8.06976 of
106.51 675.671 23.4113 8.06976 orbital
133.302 675.671 25.4108 8.06976 motion
162.093 675.671 12.9475 8.06976 and
178.421 675.671 37.354 8.06976 timescales
219.155 675.671 10.4548 8.06976 for
232.99 675.671 28.8808 8.06976 changes
265.251 675.671 6.97586 8.06976 in
275.608 675.671 10.9569 8.06976 the

47.4485 686.628 9.96167 8.06976 Be
59.9925 686.628 12.9475 8.06976 star
75.5223 686.628 16.6865 8.06976 disc.
94.7911 686.628 20.9096 8.06976 X-ray
118.283 686.628 32.7005 8.06976 outbursts
153.566 686.628 23.8955 8.06976 appear
180.044 686.628 6.97586 8.06976 to
189.602 686.628 11.8625 8.06976 fall
204.047 686.628 13.9517 8.06976 into
220.581 686.628 13.3599 8.06976 two
236.523 686.628 24.8997 8.06976 classes
264.005 686.628 8.9664 8.06976 on
275.554 686.628 10.9569 8.06976 the

47.4485 697.585 17.9328 8.06976 basis
68.1161 697.585 7.46901 8.06976 of
78.3198 697.585 38.3672 8.06976 luminosity
119.422 697.585 12.9475 8.06976 and
135.104 697.585 38.8514 8.06976 periodicity
176.69 697.585 7.46901 8.06976 as
186.894 697.585 28.9166 8.06976 follows.
218.545 697.585 33.8661 8.06976 So-called
255.146 697.585 31.3734 8.06976 ‘normal’

51.7045 732.458 23.9103 7.17309 E-mail:
77.6074 732.458 72.6475 7.17309 sgtl@astro.soton.ac.uk

310.462 490.45 32.7005 8.06976 outbursts
346.391 490.45 19.4123 8.06976 reach
369.04 489.849 15.9602 8.9664 ∼10
384.998 489.236 5.9782 5.37984 37
394.705 490.45 11.2887 8.06976 erg
409.222 490.45 3.48793 8.06976 s
412.713 488.836 7.65133 5.9776 −1
424.094 490.45 12.9475 8.06976 and
440.269 490.45 10.948 8.06976 are
454.445 490.45 36.8519 8.06976 associated
494.525 490.45 15.9423 8.06976 with
513.695 490.45 35.8566 8.06976 periastron

310.463 501.407 27.8855 8.06976 passage
340.464 501.407 7.46901 8.06976 of
350.05 501.407 10.9569 8.06976 the
363.123 501.407 27.3924 8.06976 neutron
392.631 501.407 12.9475 8.06976 star
407.695 501.407 27.8945 8.06976 through
437.714 501.407 10.9569 8.06976 the
450.787 501.407 9.96167 8.06976 Be
462.865 501.407 18.9281 8.06976 star’s
483.918 501.407 46.8136 8.06976 circumstellar
532.848 501.407 16.6865 8.06976 disc.

310.463 512.364 25.895 8.06976 ‘Giant’
339.568 512.364 32.7005 8.06976 outbursts
375.478 512.364 15.4401 8.06976 may
394.128 512.364 19.4123 8.06976 reach
416.751 512.364 15.6643 8.06976 over
435.625 512.364 8.46428 8.06976 an
447.299 512.364 18.9191 8.06976 order
469.428 512.364 7.46901 8.06976 of
480.107 512.364 37.8561 8.06976 magnitude
521.173 512.364 28.3876 8.06976 brighter

310.463 523.321 12.9475 8.06976 and
326.387 523.321 19.9144 8.06976 occur
349.278 523.321 45.4865 8.06976 sporadically,
397.742 523.321 44.8141 8.06976 uncorrelated
445.533 523.321 15.9423 8.06976 with
464.452 523.321 10.9569 8.06976 the
478.386 523.321 23.4113 8.06976 orbital
504.774 523.321 20.4165 8.06976 phase
528.167 523.321 7.46901 8.06976 of
538.613 523.321 10.9569 8.06976 the

310.463 534.278 27.1503 8.06976 system.
339.855 534.278 15.1891 8.06976 See,
357.285 534.278 10.4548 8.06976 for
369.982 534.278 32.4853 8.06976 example,
404.709 534.278 41.1916 8.06976 Negueruela
448.142 534.278 23.9044 8.06976 (1998)
474.288 534.278 10.4548 8.06976 for
486.984 534.278 3.98108 8.06976 a
493.207 534.278 25.608 8.06976 review.

319.429 545.235 13.9428 8.06976 The
336.116 545.235 20.9096 8.06976 X-ray
359.769 545.235 21.9139 8.06976 pulsar
384.427 545.235 38.3583 8.06976 population
425.529 545.235 7.46901 8.06976 of
435.741 545.235 10.9569 8.06976 the
449.442 545.235 18.937 8.06976 SMC
471.123 545.235 5.98059 8.06976 is
479.847 545.235 9.86304 8.06976 far
492.454 545.235 24.8907 8.06976 greater
520.088 545.235 15.4401 8.06976 than
538.272 545.235 11.3156 8.06976 ex-

310.463 556.192 23.4023 8.06976 pected
335.703 556.192 8.9664 8.06976 on
346.508 556.192 10.9569 8.06976 the
359.303 556.192 17.9328 8.06976 basis
379.074 556.192 7.46901 8.06976 of
388.381 556.192 8.47325 8.06976 its
398.692 556.192 16.1844 8.06976 size.
416.715 556.192 33.8751 8.06976 Although
452.428 556.192 15.9423 8.06976 only
470.235 555.591 24.6576 8.9664 ∼1/50
496.731 556.192 10.9569 8.06976 the
509.526 556.192 17.9328 8.06976 mass
529.297 556.192 7.46901 8.06976 of
538.604 556.192 10.9569 8.06976 the

310.463 567.148 21.7884 8.06976 Milky
334.233 567.148 17.87 8.06976 Way,
354.084 567.148 10.9569 8.06976 the
367.023 567.148 18.937 8.06976 SMC
387.942 567.148 29.885 8.06976 contains
419.808 567.148 6.47374 8.06976 at
428.263 567.148 16.4354 8.06976 least
446.68 567.148 13.1806 8.06976 1/3
461.843 567.148 7.46901 8.06976 as
471.293 567.148 19.7888 8.06976 many
493.064 567.148 32.6287 8.06976 HMXBs,
527.674 567.148 10.9569 8.06976 i.e.
540.612 567.148 8.9664 8.06976 24

310.463 578.105 24.1824 8.06976 known
335.999 578.105 18.937 8.06976 SMC
356.29 578.105 25.4018 8.06976 pulsars
383.046 578.105 20.9096 8.06976 rather
405.309 578.105 15.4401 8.06976 than
422.104 578.105 10.9569 8.06976 the
434.414 578.105 31.7321 8.06976 expected
467.527 577.505 13.7186 8.9664 ∼1.
482.6 578.105 21.5552 8.06976 Given
505.509 578.105 10.9569 8.06976 the
517.82 578.105 31.7321 8.06976 expected

310.463 589.062 27.8945 8.06976 lifetime
340.195 589.062 7.46901 8.06976 of
349.503 589.062 3.98108 8.06976 a
355.322 589.062 33.364 8.06976 Be/X-ray
390.524 589.062 22.9092 8.06976 binary
415.271 589.062 5.98059 8.06976 is
423.09 588.462 11.477 8.9664 <1
436.405 589.062 15.4401 8.06976 Myr
453.683 589.062 15.7091 8.06976 (van
471.23 589.062 12.9475 8.06976 den
486.016 589.062 25.7605 8.06976 Heuvel
513.615 589.062 23.1602 8.06976 1983),
538.613 589.062 10.9569 8.06976 the

310.463 600.019 33.2295 8.06976 existence
345.369 600.019 7.46901 8.06976 of
354.515 600.019 7.97113 8.06976 so
364.163 600.019 19.7888 8.06976 many
385.628 600.019 26.406 8.06976 implies
413.711 600.019 15.3056 8.06976 they
430.693 600.019 8.9664 8.06976 all
441.336 600.019 25.895 8.06976 formed
468.908 600.019 6.47374 8.06976 at
477.059 600.019 19.9233 8.06976 about
498.659 600.019 10.9569 8.06976 the
511.292 600.019 18.426 8.06976 same
531.395 600.019 18.1839 8.06976 time.

310.463 610.976 7.46901 8.06976 In
320.084 610.976 10.9569 8.06976 the
333.193 610.976 30.3782 8.06976 standard
365.723 610.976 44.9217 8.06976 evolutionary
412.787 610.976 29.876 8.06976 scenario
444.815 610.976 7.46901 8.06976 of
454.436 610.976 12.7233 8.06976 van
469.312 610.976 12.9475 8.06976 den
484.411 610.976 25.7605 8.06976 Heuvel
512.323 610.976 26.146 8.06976 (1983),
540.621 610.976 8.9664 8.06976 15

310.463 621.933 15.4401 8.06976 Myr
328.432 621.933 25.895 8.06976 elapses
356.855 621.933 29.876 8.06976 between
389.26 621.933 35.3635 8.06976 formation
427.152 621.933 7.46901 8.06976 of
437.149 621.933 3.98108 8.06976 a
443.659 621.933 28.5311 8.06976 massive
474.718 621.933 22.9092 8.06976 binary
500.156 621.933 12.9475 8.06976 and
515.632 621.933 8.47325 8.06976 its
526.634 621.933 22.9092 8.06976 transi-

310.463 632.89 13.9517 8.06976 tion
326.136 632.89 6.97586 8.06976 to
334.834 632.89 8.46428 8.06976 an
345.019 632.89 29.1408 8.06976 HMXB.
375.882 632.89 13.9428 8.06976 The
391.546 632.89 18.7846 8.06976 exact
412.052 632.89 22.407 8.06976 nature
436.181 632.89 7.46901 8.06976 of
445.371 632.89 10.9569 8.06976 the
458.05 632.89 19.0626 8.06976 event
478.834 632.89 21.9139 8.06976 which
502.469 632.89 32.3687 8.06976 triggered
536.56 632.89 12.9475 8.06976 star

310.463 643.847 35.3635 8.06976 formation
347.889 643.847 6.97586 8.06976 in
356.927 643.847 10.9569 8.06976 the
369.946 643.847 18.937 8.06976 SMC
390.945 643.847 22.416 8.06976 15–20
415.424 643.847 15.4401 8.06976 Myr
432.926 643.847 12.9475 8.06976 ago
447.936 643.847 5.98059 8.06976 is
455.979 643.847 28.2711 8.06976 unclear,
486.312 643.847 30.2885 8.06976 however
518.663 643.847 17.9238 8.06976 there
538.649 643.847 10.948 8.06976 are

310.463 654.804 34.8703 8.06976 important
347.898 654.804 18.426 8.06976 clues
368.888 654.804 17.4307 8.06976 from
388.883 654.804 37.354 8.06976 dynamical
428.801 654.804 41.353 8.06976 simulations
472.719 654.804 12.9475 8.06976 and
488.231 654.804 21.9049 8.06976 recent
512.7 654.804 36.8609 8.06976 photomet-

310.463 665.761 9.45955 8.06976 ric
322.137 665.761 12.9475 8.06976 and
337.299 665.761 18.426 8.06976 radio
357.94 665.761 29.365 8.06976 surveys.
389.52 665.761 42.8504 8.06976 Simulations
434.585 665.761 7.46901 8.06976 of
444.269 665.761 15.9423 8.06976 tidal
462.425 665.761 41.8372 8.06976 interactions
506.477 665.761 29.876 8.06976 between
538.568 665.761 10.9569 8.06976 the

310.463 676.718 40.3398 8.06976 Magellanic
352.228 676.718 23.4113 8.06976 clouds
377.065 676.718 12.9475 8.06976 and
391.438 676.718 21.7884 8.06976 Milky
414.652 676.718 16.2113 8.06976 Way
432.289 676.718 15.6643 8.06976 over
449.379 676.718 10.9569 8.06976 the
461.762 676.718 14.4449 8.06976 past
477.632 676.718 4.4832 8.06976 2
483.541 676.718 13.9428 8.06976 Gyr
498.91 676.718 8.9664 8.06976 by
509.302 676.718 31.8666 8.06976 Gardiner
542.594 676.718 6.97586 8.06976 &

310.463 687.675 30.8803 8.06976 Noguchi
342.957 687.675 23.9044 8.06976 (1996)
368.476 687.675 28.3876 8.06976 indicate
398.477 687.675 13.4496 8.06976 that
413.541 687.675 10.9569 8.06976 the
426.112 687.675 25.4108 8.06976 Clouds
453.136 687.675 16.6147 8.06976 have
471.365 687.675 43.1822 8.06976 experienced
516.161 687.675 13.3599 8.06976 two
531.135 687.675 18.426 8.06976 close

310.463 698.632 41.084 8.06976 encounters,
353.269 698.632 11.208 8.06976 1.5
366.198 698.632 12.9475 8.06976 and
380.867 698.632 11.208 8.06976 0.2
393.797 698.632 13.9428 8.06976 Gyr
409.461 698.632 15.1891 8.06976 ago.
426.372 698.632 25.4018 8.06976 During
453.495 698.632 10.9569 8.06976 the
466.173 698.632 17.4396 8.06976 most
485.335 698.632 21.9049 8.06976 recent
508.961 698.632 40.5909 8.06976 interaction,

310.463 709.589 10.9569 8.06976 the
322.917 709.589 23.4113 8.06976 clouds
347.826 709.589 23.9044 8.06976 passed
373.228 709.589 22.9181 8.06976 within
397.643 709.589 8.9664 8.06976 14
408.107 709.589 12.9475 8.06976 kpc
422.552 709.589 7.46901 8.06976 of
431.518 709.589 16.4264 8.06976 each
449.442 709.589 18.426 8.06976 other
469.365 709.589 12.9475 8.06976 and
483.81 709.589 10.9569 8.06976 the
496.265 709.589 15.9423 8.06976 total
513.704 709.589 15.9423 8.06976 tidal
531.144 709.589 18.417 8.06976 force

310.463 720.546 26.1191 8.06976 exerted
338.779 720.546 8.9664 8.06976 on
349.942 720.546 10.9569 8.06976 the
363.096 720.546 18.937 8.06976 SMC
384.229 720.546 14.938 8.06976 rose
401.364 720.546 8.9664 8.06976 by
412.527 720.546 3.98108 8.06976 a
418.705 720.546 20.82 8.06976 factor
441.722 720.546 7.46901 8.06976 of
451.397 719.945 18.2018 8.9664 ∼30.
471.795 720.546 41.3441 8.06976 Subsequent
515.336 720.546 34.2337 8.06976 extension

310.463 731.503 7.46901 8.06976 of
319.402 731.503 12.9564 8.06976 this
333.829 731.503 22.416 8.06976 model
357.716 731.503 6.97586 8.06976 to
366.162 731.503 26.3971 8.06976 include
394.03 731.503 12.9475 8.06976 star
408.448 731.503 35.3635 8.06976 formation
445.282 731.503 41.6131 8.06976 (Yoshizawa
488.365 731.503 6.97586 8.06976 &
496.812 731.503 30.8803 8.06976 Noguchi
529.162 731.503 20.4255 8.06976 1999;

48.6769 753.372 3.32253 4.48317 C
55.4186 752.384 15.9402 7.17309 2003
73.3513 752.384 15.5018 7.17309 RAS

571.418 178.061 7.408 44.464 Downloaded
571.418 224.741 7.408 15.992 from
571.418 242.949 7.408 241.32 https://academic.oup.com/mnras/article-abstract/339/2/435/1005209
571.418 486.485 7.408 8.448 by
571.418 497.149 7.408 21.312 INRIA
571.418 520.677 7.408 15.56 user
571.418 538.453 7.408 8.896 on
571.418 549.565 7.408 8.896 31
571.418 560.677 7.408 28.44 October
571.418 591.333 7.408 17.792 2018

47.4565 39.1601 17.9328 10.7597 436

83.3221 39.5188 8.9664 10.2576 S.
95.2773 39.5188 39.5956 10.2576 Laycock
137.862 39.5188 8.63165 10.2576 et
149.482 39.5188 12.2899 10.2576 al.

47.4565 63.235 31.8666 8.06976 Gardiner
81.6185 63.235 20.9186 8.06976 1999)
104.832 63.235 27.3834 8.06976 appears
134.511 63.235 6.97586 8.06976 to
143.783 63.235 24.8997 8.06976 predict
170.978 63.235 3.98108 8.06976 a
177.254 63.235 29.885 8.06976 time-lag
209.435 63.235 29.876 8.06976 between
241.606 63.235 10.9569 8.06976 the
254.858 63.235 15.9423 8.06976 tidal
273.096 63.235 13.4496 8.06976 dis-

47.4565 74.1919 25.9039 8.06976 ruption
74.8309 74.1919 12.9475 8.06976 and
89.2489 74.1919 31.3824 8.06976 resulting
122.102 74.1919 12.9475 8.06976 star
136.52 74.1919 35.3635 8.06976 formation
173.354 74.1919 15.6822 8.06976 rate,
190.506 74.1919 21.9139 8.06976 which
213.891 74.1919 15.4401 8.06976 may
230.801 74.1919 15.9423 8.06976 only
248.214 74.1919 8.46428 8.06976 be
258.149 74.1919 28.3876 8.06976 peaking

47.4565 85.1488 21.5821 8.06976 today.
71.3789 85.1488 50.0773 8.06976 Observational
123.796 85.1488 31.6424 8.06976 evidence
157.779 85.1488 22.1918 8.06976 shows
182.311 85.1488 13.4496 8.06976 that
198.101 85.1488 10.9569 8.06976 the
211.398 85.1488 18.937 8.06976 SMC
232.675 85.1488 28.3966 8.06976 consists
263.412 85.1488 7.46901 8.06976 of
273.221 85.1488 13.3599 8.06976 two

47.4565 96.1058 26.406 8.06976 distinct
76.9829 96.1058 21.9139 8.06976 stellar
102.017 96.1058 41.8462 8.06976 populations
146.984 96.1058 32.7363 8.06976 (Zaritsky
182.84 96.1058 6.47374 8.06976 et
192.434 96.1058 8.71534 8.06976 al.
204.27 96.1058 23.1602 8.06976 2000).
230.55 96.1058 13.9428 8.06976 The
247.613 96.1058 18.426 8.06976 older
269.16 96.1058 17.4217 8.06976 (pre-

47.4565 107.063 20.7482 8.06976 Large
71.7106 107.063 40.3398 8.06976 Magellanic
115.556 107.063 21.9228 8.06976 Cloud
140.985 107.063 38.3403 8.06976 encounter)
182.831 107.063 38.3583 8.06976 population
224.695 107.063 22.1918 8.06976 shows
250.393 107.063 3.98108 8.06976 a
257.889 107.063 28.6476 8.06976 smooth,

47.4565 118.02 37.354 8.06976 spheroidal
87.6798 118.02 43.4153 8.06976 distribution.
133.973 118.02 7.46901 8.06976 In
144.321 118.02 30.6292 8.06976 contrast,
177.828 118.02 10.9569 8.06976 the
191.663 118.02 17.9328 8.06976 main
212.474 118.02 32.8619 8.06976 sequence
248.214 118.02 38.3583 8.06976 population

47.4565 128.977 5.98059 8.06976 is
55.2573 128.977 22.9181 8.06976 highly
79.9866 128.977 32.6198 8.06976 irregular,
114.427 128.977 15.9423 8.06976 with
132.189 128.977 10.9569 8.06976 the
144.957 128.977 15.7988 8.06976 very
162.576 128.977 32.3777 8.06976 youngest
196.774 128.977 16.4354 8.06976 stars
215.021 128.977 45.8093 8.06976 concentrated
262.641 128.977 23.9134 8.06976 almost

47.4565 139.934 27.3924 8.06976 entirely
77.2608 139.934 6.97586 8.06976 in
86.6486 139.934 10.9569 8.06976 the
100.009 139.934 17.4217 8.06976 ‘bar’
119.842 139.934 12.9475 8.06976 and
135.202 139.934 23.9044 8.06976 ‘wing’
161.518 139.934 26.2626 8.06976 regions
190.193 139.934 50.7947 8.06976 (Maragoudaki
243.399 139.934 6.47374 8.06976 et
252.285 139.934 8.71534 8.06976 al.
263.412 139.934 23.1602 8.06976 2001).

47.4565 150.89 21.4118 8.06976 These
71.6927 150.89 10.948 8.06976 are
85.4651 150.89 14.4449 8.06976 also
102.734 150.89 10.9569 8.06976 the
116.516 150.89 26.2626 8.06976 regions
145.603 150.89 6.97586 8.06976 in
155.403 150.89 21.9139 8.06976 which
180.141 150.89 10.9569 8.06976 the
193.923 150.89 30.3871 8.06976 majority
227.134 150.89 7.46901 8.06976 of
237.428 150.89 20.9096 8.06976 X-ray
261.162 150.89 25.4018 8.06976 pulsars

47.4565 161.847 16.6147 8.06976 have
66.5011 161.847 16.9286 8.06976 been
85.8596 161.847 23.1602 8.06976 found.
111.45 161.847 20.9096 8.06976 There
134.789 161.847 10.948 8.06976 are
148.167 161.847 13.4586 8.06976 still
164.056 161.847 54.2916 8.06976 inconsistencies
220.777 161.847 6.97586 8.06976 in
230.183 161.847 12.9564 8.06976 this
245.569 161.847 24.6307 8.06976 overall
272.63 161.847 13.9428 8.06976 pic-

47.4565 172.804 13.9428 8.06976 ture
64.672 172.804 21.9139 8.06976 which
89.8586 172.804 18.4349 8.06976 point
111.566 172.804 6.97586 8.06976 to
121.815 172.804 10.9569 8.06976 the
136.045 172.804 32.8636 8.06976 inﬂuence
172.179 172.804 7.46722 8.06976 of
182.917 172.804 51.7792 8.06976 hydrodynamic
237.967 172.804 34.3449 8.06976 processes
275.583 172.804 10.9534 8.06976 (Li

47.4565 183.761 6.97586 8.06976 &
57.472 183.761 34.3682 8.06976 Thronson
94.8708 183.761 23.1602 8.06976 1999),
121.062 183.761 23.9044 8.06976 indeed
147.997 183.761 10.9569 8.06976 the
161.984 183.761 30.7458 8.06976 complex
195.77 183.761 31.3734 8.06976 structure
230.174 183.761 7.46901 8.06976 of
240.673 183.761 10.9569 8.06976 the
254.661 183.761 31.8756 8.06976 interstel-

47.4565 194.718 9.45955 8.06976 lar
60.0902 194.718 29.3919 8.06976 medium
92.6561 194.718 21.9139 8.06976 (ISM)
117.744 194.718 22.1918 8.06976 shows
143.11 194.718 17.4217 8.06976 clear
163.706 194.718 31.6424 8.06976 evidence
198.522 194.718 7.46901 8.06976 of
209.166 194.718 24.2272 8.06976 having
236.567 194.718 16.9286 8.06976 been
256.67 194.718 29.885 8.06976 sculpted

47.4565 205.675 8.9664 8.06976 by
59.1397 205.675 40.4743 8.06976 supernovae
102.331 205.675 12.9475 8.06976 and
117.995 205.675 21.4207 8.06976 winds
142.133 205.675 17.4307 8.06976 from
162.28 205.675 28.5311 8.06976 massive
193.528 205.675 18.677 8.06976 stars.
214.922 205.675 13.9428 8.06976 The
231.582 205.675 18.426 8.06976 radio
252.724 205.675 23.6354 8.06976 survey
279.077 205.675 7.46901 8.06976 of

47.4565 216.632 46.1949 8.06976 Stanimirovic
96.6372 216.632 6.47374 8.06976 et
106.097 216.632 8.71534 8.06976 al.
117.798 216.632 23.9044 8.06976 (1997)
144.688 216.632 25.0342 8.06976 reveals
172.708 216.632 13.4496 8.06976 that
189.144 216.632 10.9569 8.06976 the
203.086 216.632 38.6721 8.06976 large-scale
244.744 216.632 31.3734 8.06976 structure
279.103 216.632 7.46901 8.06976 of

47.4565 227.589 17.9328 8.06976 giant
67.4067 227.589 6.47374 8.06976 H
75.3748 229.149 2.23936 6.05232 I
79.6318 227.618 20.4255 8.06976 shells
102.075 227.618 6.97586 8.06976 in
111.068 227.618 10.9569 8.06976 the
124.042 227.618 18.937 8.06976 SMC
144.997 227.618 22.1918 8.06976 shows
169.206 227.618 31.6424 8.06976 evidence
202.866 227.618 7.46901 8.06976 of
212.352 227.618 42.3214 8.06976 hierarchical
256.691 227.618 29.8671 8.06976 arrange-

47.4604 238.575 20.1744 8.06976 ment.
69.446 238.575 27.8945 8.06976 Smaller
99.1517 238.575 20.4255 8.06976 shells
121.388 238.575 10.948 8.06976 are
134.148 238.575 38.1789 8.06976 distributed
174.138 238.575 24.8997 8.06976 around
200.849 238.575 10.9569 8.06976 the
213.617 238.575 20.7482 8.06976 larger
236.176 238.575 18.677 8.06976 ones,
256.664 238.575 29.885 8.06976 suggest-

47.4604 249.532 11.4591 8.06976 ing
60.6051 249.532 13.4496 8.06976 that
75.7404 249.532 12.9475 8.06976 star
90.3735 249.532 35.3635 8.06976 formation
127.423 249.532 11.9522 8.06976 has
141.061 249.532 36.8429 8.06976 proceeded
179.589 249.532 6.97586 8.06976 in
188.251 249.532 8.46428 8.06976 an
198.401 249.532 41.9897 8.06976 impulsively
242.076 249.532 32.3687 8.06976 triggered
276.13 249.532 10.4548 8.06976 se-

47.4604 260.489 27.6344 8.06976 quence,
77.5337 260.489 20.9096 8.06976 rather
100.882 260.489 15.4401 8.06976 than
118.761 260.489 54.3005 8.06976 simultaneously
175.501 260.489 12.9475 8.06976 due
190.887 260.489 6.97586 8.06976 to
200.302 260.489 38.6721 8.06976 large-scale
241.413 260.489 45.1458 8.06976 gravitational

47.4604 271.446 31.6245 8.06976 collapse.

56.4268 282.403 6.47374 8.06976 A
64.4239 282.403 28.3813 8.06976 detailed
94.3286 282.403 45.8255 8.06976 investigation
141.677 282.403 7.46811 8.06976 of
150.669 282.403 10.9551 8.06976 the
163.148 282.403 38.3592 8.06976 luminosity
203.03 282.403 12.9457 8.06976 and
217.499 282.403 22.9047 8.06976 period
241.927 282.403 44.6509 8.06976 distributions

47.4604 293.36 12.9475 8.06976 and
63.7613 293.36 35.3635 8.06976 long-term
102.478 293.36 35.6773 8.06976 behaviour
141.509 293.36 7.46901 8.06976 of
152.331 293.36 20.9096 8.06976 X-ray
176.594 293.36 21.9139 8.06976 pulsar
201.862 293.36 28.3966 8.06976 systems
233.612 293.36 6.97586 8.06976 in
243.941 293.36 10.9569 8.06976 the
258.251 293.36 18.937 8.06976 SMC
280.542 293.36 5.98059 8.06976 is

47.4604 304.317 36.9236 8.06976 underway.
86.7601 304.317 13.9428 8.06976 The
103.07 304.317 13.2254 8.06976 low
118.672 304.317 35.7311 8.06976 extinction
156.77 304.317 12.9475 8.06976 and
172.084 304.317 46.3204 8.06976 unobstructed
220.772 304.317 13.4496 8.06976 line
236.598 304.317 7.46901 8.06976 of
246.434 304.317 17.4396 8.06976 sight
266.241 304.317 6.97586 8.06976 to
275.584 304.317 10.9569 8.06976 the

47.4604 315.274 18.937 8.06976 SMC
68.1458 315.274 23.4023 8.06976 enable
93.2966 315.274 29.8671 8.06976 accurate
124.912 315.274 51.2968 8.06976 measurements
177.957 315.274 7.46901 8.06976 of
187.175 315.274 20.9096 8.06976 X-ray
209.833 315.274 38.3672 8.06976 luminosity
249.949 315.274 12.9475 8.06976 and
264.644 315.274 21.9139 8.06976 useful

47.4604 326.231 45.101 8.06976 observations
94.9374 326.231 7.46901 8.06976 of
104.783 326.231 10.9569 8.06976 the
118.116 326.231 24.4065 8.06976 optical
144.898 326.231 44.3209 8.06976 counterparts
191.595 326.231 15.9423 8.06976 with
209.914 326.231 13.4496 8.06976 1–2
225.739 326.231 6.97586 8.06976 m
235.091 326.231 39.0935 8.06976 telescopes.
276.561 326.231 9.96167 8.06976 As

47.4604 337.188 10.9569 8.06976 the
59.9326 337.188 29.3829 8.06976 distance
90.8308 337.188 6.97586 8.06976 to
99.322 337.188 10.9569 8.06976 the
111.794 337.188 18.937 8.06976 SMC
132.247 337.188 5.98059 8.06976 is
139.743 337.188 44.3388 8.06976 signiﬁcantly
185.597 337.188 24.8907 8.06976 greater
212.003 337.188 15.4401 8.06976 than
228.958 337.188 8.47325 8.06976 its
238.956 337.188 28.1366 8.06976 ‘depth’,
268.608 337.188 8.9664 8.06976 all
279.089 337.188 7.46901 8.06976 of

47.4604 348.145 10.9569 8.06976 the
60.4527 348.145 25.4018 8.06976 objects
87.8899 348.145 6.97586 8.06976 in
96.9011 348.145 10.9569 8.06976 the
109.893 348.145 18.937 8.06976 SMC
130.866 348.145 12.4454 8.06976 can
145.347 348.145 8.46428 8.06976 be
155.846 348.145 38.8424 8.06976 considered
196.724 348.145 6.97586 8.06976 to
205.735 348.145 8.9664 8.06976 lie
216.737 348.145 6.47374 8.06976 at
225.246 348.145 8.46428 8.06976 an
235.746 348.145 19.4212 8.06976 equal
257.202 348.145 29.3829 8.06976 distance

47.4604 359.102 10.4548 8.06976 for
60.1568 359.102 10.9569 8.06976 the
73.3553 359.102 31.8756 8.06976 purposes
107.472 359.102 7.46901 8.06976 of
117.183 359.102 38.3672 8.06976 luminosity
157.792 359.102 45.0741 8.06976 calculations.

56.4268 370.059 13.9428 8.06976 The
73.9202 370.059 23.4023 8.06976 source
100.873 370.059 13.4496 8.06976 that
117.873 370.059 5.98059 8.06976 is
127.405 370.059 10.9569 8.06976 the
141.912 370.059 25.4018 8.06976 subject
170.865 370.059 7.46901 8.06976 of
181.885 370.059 12.9564 8.06976 this
198.392 370.059 21.7973 8.06976 paper,
223.74 370.059 17.4307 8.06976 XTE
244.721 370.059 41.8641 8.06976 J0052−723

47.4604 381.016 29.634 8.06976 (Corbet,
78.7531 381.016 31.8756 8.06976 Marshall
112.287 381.016 6.97586 8.06976 &
120.922 381.016 39.7481 8.06976 Markwardt
162.329 381.016 23.1602 8.06976 2001),
187.148 381.016 5.98059 8.06976 is
194.787 381.016 27.4013 8.06976 thought
223.847 381.016 6.97586 8.06976 to
232.482 381.016 8.46428 8.06976 be
242.605 381.016 3.98108 8.06976 a
248.245 381.016 14.7139 8.06976 new
264.618 381.016 21.9139 8.06976 Be/X-

47.4604 391.972 11.4501 8.06976 ray
60.6141 391.972 22.9092 8.06976 binary
85.2268 391.972 27.1503 8.06976 system.
114.081 391.972 5.47847 8.06976 It
121.263 391.972 13.8531 8.06976 was
136.819 391.972 29.876 8.06976 detected
168.399 391.972 6.97586 8.06976 in
177.079 391.972 10.9569 8.06976 the
189.739 391.972 23.4023 8.06976 course
214.845 391.972 7.46901 8.06976 of
224.018 391.972 11.9522 8.06976 our
237.674 391.972 25.2583 8.06976 regular
264.636 391.972 21.9139 8.06976 pulsar

47.4604 402.929 22.9002 8.06976 search
72.378 402.929 41.3351 8.06976 programme
115.731 402.929 7.46901 8.06976 of
125.217 402.929 10.9569 8.06976 the
138.191 402.929 21.1786 8.06976 SMC,
161.387 402.929 21.9139 8.06976 which
185.319 402.929 11.9522 8.06976 has
199.288 402.929 16.9286 8.06976 been
218.234 402.929 27.8945 8.06976 running
248.146 402.929 18.426 8.06976 since
268.59 402.929 17.9328 8.06976 1999

47.4604 413.886 29.5443 8.06976 January,
79.058 413.886 37.632 8.06976 previously
118.743 413.886 34.3592 8.06976 described
155.156 413.886 8.9664 8.06976 by
166.175 413.886 30.8713 8.06976 Laycock
199.1 413.886 6.47374 8.06976 et
207.627 413.886 8.71534 8.06976 al.
218.396 413.886 26.146 8.06976 (2002).
246.595 413.886 8.9664 8.06976 At
257.615 413.886 10.9569 8.06976 the
270.625 413.886 15.9423 8.06976 time

47.4604 424.843 7.46901 8.06976 of
57.6821 424.843 17.4307 8.06976 XTE
77.8654 424.843 47.8447 8.06976 J0052−723’s
128.463 424.843 36.2512 8.06976 discovery,
167.467 424.843 11.9522 8.06976 our
182.172 424.843 35.3635 8.06976 observing
220.288 424.843 28.2531 8.06976 strategy
251.294 424.843 35.2738 8.06976 employed

47.4604 435.8 51.7989 8.06976 approximately
100.721 435.8 25.895 8.06976 weekly
128.077 435.8 45.101 8.06976 observations
174.64 435.8 15.9423 8.06976 with
192.044 435.8 3.98108 8.06976 a
197.486 435.8 29.885 8.06976 duration
228.833 435.8 7.46901 8.06976 of
237.799 435.199 11.477 8.9664 ∼5
250.738 435.8 7.97113 8.06976 ks
260.17 435.8 26.3881 8.06976 centred

47.4604 446.757 8.9664 8.06976 on
59.4574 446.757 14.947 8.06976 RA:
77.435 446.757 4.4832 8.06976 0
81.9172 445.583 2.9888 5.37984 h
85.4042 446.797 8.9664 8.06976 50
94.3705 445.583 4.65057 5.37984 m
99.5192 446.797 2.2416 8.06976 ,
104.791 446.797 16.9286 8.06976 Dec:
124.751 446.797 8.9664 8.06976 73
133.721 445.183 2.9888 5.9776 ◦
137.208 446.797 4.4832 8.06976 6
143.803 446.797 2.2416 8.06976 ,
149.075 446.797 6.97586 8.06976 in
159.082 446.797 10.9569 8.06976 the
173.07 446.797 47.8088 8.06976 south-eastern
223.909 446.797 13.9428 8.06976 arm
240.882 446.797 7.46901 8.06976 of
251.382 446.797 10.9569 8.06976 the
265.37 446.797 21.1786 8.06976 SMC.

47.4592 457.753 19.4302 8.06976 From
69.1221 457.753 12.9564 8.06976 this
84.3111 457.753 31.1403 8.06976 position,
117.684 457.753 10.9569 8.06976 the
130.874 457.753 44.832 8.06976 Proportional
177.938 457.753 28.8897 8.06976 Counter
209.061 457.753 26.8813 8.06976 Array’s
238.175 457.753 28.3966 8.06976 (PCA’s)
268.804 457.753 17.7624 8.06976 large

47.4592 468.71 4.4832 8.06976 2
51.9397 467.1 2.9888 5.9776 ◦
58.7392 468.714 17.4307 8.06976 wide
79.4785 468.714 46.5894 8.06976 ﬁeld-of-view
129.385 468.714 46.8136 8.06976 encompasses
179.508 468.714 10.9569 8.06976 the
193.773 468.714 32.3866 8.06976 positions
229.468 468.714 7.46901 8.06976 of
240.246 468.714 8.9664 8.06976 16
252.521 468.714 7.46901 8.06976 of
263.299 468.714 10.9569 8.06976 the
277.564 468.714 8.9664 8.06976 24

47.4505 479.671 36.3588 8.06976 conﬁrmed
87.0999 479.671 20.9096 8.06976 X-ray
111.3 479.671 25.4018 8.06976 pulsars
139.993 479.671 6.97586 8.06976 in
150.259 479.671 10.9569 8.06976 the
164.507 479.671 21.1786 8.06976 SMC.
188.976 479.671 13.9428 8.06976 The
206.21 479.671 19.9144 8.06976 range
229.415 479.671 7.46901 8.06976 of
240.174 479.671 24.1824 8.06976 known
267.647 479.671 18.9281 8.06976 pulse

47.4505 490.628 26.3971 8.06976 periods
76.0892 490.628 19.9233 8.06976 spans
98.2541 490.628 38.1072 8.06976 0.716–755
138.603 490.628 5.72953 8.06976 s.

47.4505 518.137 4.4832 7.8994 2
57.5825 518.137 6.47374 7.8994 X
65.2219 518.137 2.98581 7.8994 -
69.3734 518.137 6.47374 7.8994 R
77.0127 518.137 13.2165 7.8994 AY
94.8021 518.137 6.97586 7.8994 O
102.944 518.137 5.98059 7.8994 B
110.09 518.137 4.98532 7.8994 S
116.241 518.137 5.98059 7.8994 E
123.387 518.137 26.3433 7.8994 RVAT
150.896 518.137 3.48793 7.8994 I
155.549 518.137 6.97586 7.8994 O
163.691 518.137 6.47374 7.8994 N
171.33 518.137 4.98532 7.8994 S

47.4505 540.051 11.208 7.8994 2.1
63.1417 540.114 23.4202 7.83663 RXTE
88.8035 540.051 18.426 7.8994 PCA

47.4505 556.424 13.9428 8.06976 The
63.2224 556.693 21.4207 7.69317 RXTE
86.6785 556.424 17.4396 8.06976 PCA
105.947 556.424 27.8855 8.06976 (Jahoda
135.662 556.424 6.47374 8.06976 et
143.965 556.424 8.71534 8.06976 al.
154.509 556.424 20.9186 8.06976 1996)
177.257 556.424 28.3966 8.06976 consists
207.483 556.424 7.46901 8.06976 of
216.781 556.424 13.3151 8.06976 ﬁve
231.925 556.424 37.8561 8.06976 collimated
271.611 556.424 14.938 8.06976 pro-

47.4415 567.381 32.3777 8.06976 portional
81.9353 567.381 26.8902 8.06976 counter
110.942 567.381 17.4396 8.06976 units
130.497 567.381 29.1408 8.06976 (PCUs),
161.754 567.381 16.4264 8.06976 each
180.297 567.381 15.9423 8.06976 with
198.355 567.381 3.98108 8.06976 a
204.461 567.381 35.3635 8.06976 collecting
241.941 567.381 14.9291 8.06976 area
258.986 567.381 7.46901 8.06976 of
268.571 567.381 17.9328 8.06976 1300

47.4415 578.338 10.9569 8.06976 cm
58.4134 577.14 2.9888 5.37984 2
61.9003 578.353 2.2416 8.06976 .
66.9215 578.353 13.9428 8.06976 The
83.6438 578.353 15.9423 8.06976 ﬁeld
102.366 578.353 7.46901 8.06976 of
112.614 578.353 17.2065 8.06976 view
132.6 578.353 7.46901 8.06976 of
142.849 578.353 10.9569 8.06976 the
156.585 578.353 17.4396 8.06976 PCA
176.805 578.353 5.98059 8.06976 is
185.565 578.353 51.7989 8.06976 approximately
240.143 578.353 4.4832 8.06976 2
244.632 576.739 2.9888 5.9776 ◦
250.9 578.353 12.4543 8.06976 full
266.134 578.353 20.4255 8.06976 width

47.452 589.31 6.47374 8.06976 at
57.0281 589.31 15.4312 8.06976 zero
75.5616 589.31 30.8892 8.06976 intensity
109.553 589.31 27.8855 8.06976 (FWZI)
140.541 589.31 15.9423 8.06976 with
159.586 589.31 3.98108 8.06976 a
166.669 589.31 34.8614 8.06976 triangular
204.633 589.31 36.8609 8.06976 collimator
244.596 589.31 31.3734 8.06976 response
279.072 589.31 7.46901 8.06976 as

47.452 600.267 3.98108 8.06976 a
54.4099 600.267 29.885 8.06976 function
87.2718 600.267 7.46901 8.06976 of
97.7176 600.267 27.6613 8.06976 off-axis
128.356 600.267 28.6656 8.06976 viewing
159.998 600.267 21.6628 8.06976 angle.
184.638 600.267 17.9238 8.06976 Each
205.539 600.267 17.4396 8.06976 PCU
225.955 600.267 11.9522 8.06976 has
240.884 600.267 17.9238 8.06976 three
261.785 600.267 24.7652 8.06976 xenon-

47.452 611.224 18.4349 8.06976 ﬁlled
69.6169 611.224 53.099 8.06976 detector-anode
126.446 611.224 23.6534 8.06976 layers,
153.829 611.224 12.9475 8.06976 and
170.507 611.224 8.46428 8.06976 an
182.701 611.224 35.8656 8.06976 additional
222.297 611.224 20.4165 8.06976 upper
246.443 611.224 17.9238 8.06976 layer
268.124 611.224 18.4349 8.06976 ﬁlled

47.452 622.181 15.9423 8.06976 with
66.2904 622.181 31.1224 8.06976 propane.
100.309 622.181 13.9428 8.06976 The
117.148 622.181 28.8808 8.06976 propane
148.925 622.181 17.9238 8.06976 layer
169.745 622.181 5.98059 8.06976 is
178.621 622.181 30.8713 8.06976 operated
212.389 622.181 7.46901 8.06976 as
222.754 622.181 3.98108 8.06976 a
229.631 622.181 15.3056 8.06976 veto
247.833 622.181 28.8808 8.06976 detector
279.61 622.181 6.97586 8.06976 in

47.452 633.138 18.9191 8.06976 order
69.8949 633.138 6.97586 8.06976 to
80.3945 633.138 23.8955 8.06976 reduce
107.814 633.138 26.8902 8.06976 particle
138.228 633.138 44.572 8.06976 background.
186.324 633.138 7.46901 8.06976 In
197.316 633.138 24.3976 8.06976 certain
225.238 633.138 14.938 8.06976 data
243.7 633.138 23.4113 8.06976 modes
270.635 633.138 15.9333 8.06976 (e.g.

47.452 644.095 22.9092 8.06976 ‘Good
73.3559 644.095 26.8902 8.06976 Xenon’
103.241 644.095 12.9475 8.06976 and
119.183 644.095 34.8614 8.06976 ‘Standard
157.039 644.095 10.4548 8.06976 2’)
170.489 644.095 10.9569 8.06976 the
184.441 644.095 36.8519 8.06976 separation
224.287 644.095 7.46901 8.06976 of
234.751 644.095 14.938 8.06976 data
252.684 644.095 8.9664 8.06976 by
264.645 644.095 21.9049 8.06976 detec-

47.452 655.052 9.96167 8.06976 tor
60.6147 655.052 5.98059 8.06976 is
69.7963 655.052 39.8467 8.06976 maintained
112.835 655.052 6.97586 8.06976 in
123.012 655.052 10.9569 8.06976 the
137.17 655.052 35.5249 8.06976 telemetry,
175.896 655.052 31.1582 8.06976 allowing
210.255 655.052 14.938 8.06976 data
228.394 655.052 17.4307 8.06976 from
249.026 655.052 16.4264 8.06976 each
268.653 655.052 17.9238 8.06976 layer

47.452 666.009 12.9475 8.06976 and
64.0936 666.009 17.4396 8.06976 PCU
85.2185 666.009 6.97586 8.06976 to
95.8885 666.009 8.46428 8.06976 be
108.047 666.009 31.3734 8.06976 analysed
143.115 666.009 52.4624 8.06976 independently.
199.271 666.009 13.9428 8.06976 The
216.908 666.009 25.9039 8.06976 highest
246.506 666.009 23.4202 8.06976 timing
273.62 666.009 12.9475 8.06976 and

47.452 676.966 27.8855 8.06976 spectral
78.924 676.966 35.8656 8.06976 resolution
118.376 676.966 10.948 8.06976 are
132.911 676.966 30.8803 8.06976 obtained
167.378 676.966 6.97586 8.06976 in
177.94 676.966 19.9233 8.06976 Good
201.45 676.966 49.0552 8.06976 Xenon-mode,
254.092 676.966 6.97586 8.06976 in
264.654 676.966 21.9139 8.06976 which

47.452 687.923 10.9569 8.06976 the
60.785 687.923 24.2362 8.06976 energy
87.3973 687.923 12.9475 8.06976 and
102.721 687.923 22.954 8.06976 arrival
128.051 687.923 15.9423 8.06976 time
146.369 687.923 7.46901 8.06976 of
156.214 687.923 7.46901 8.06976 of
166.06 687.923 19.5557 8.06976 every
187.991 687.923 28.8808 8.06976 detector
219.248 687.923 19.0626 8.06976 event
240.687 687.923 5.98059 8.06976 is
249.044 687.923 37.4616 8.06976 registered.

47.452 698.88 13.9428 8.06976 The
63.5556 698.88 23.4202 8.06976 timing
89.1368 698.88 35.8656 8.06976 resolution
127.163 698.88 5.98059 8.06976 is
135.305 698.88 4.4832 8.06976 1
141.94 698.593 11.2708 8.52705 µs,
155.372 698.88 15.9423 8.06976 with
173.475 698.88 8.46428 8.06976 an
184.1 698.88 29.885 8.06976 absolute
216.146 698.88 31.7231 8.06976 accuracy
250.03 698.88 25.4108 8.06976 limited
277.602 698.88 8.9664 8.06976 by

47.452 709.836 10.9569 8.06976 the
61.6548 709.836 36.3408 8.06976 spacecraft
101.241 709.836 19.4212 8.06976 clock
123.917 709.836 6.97586 8.06976 to
134.139 709.836 4.4832 8.06976 8
141.886 709.55 11.5218 8.52705 µs;
156.654 709.836 10.9569 8.06976 the
170.866 709.836 24.9087 8.06976 photon
199.02 709.836 24.2362 8.06976 energy
226.502 709.836 5.98059 8.06976 is
235.728 709.836 31.3645 8.06976 recorded
270.348 709.836 8.9664 8.06976 by
282.56 709.836 3.98108 8.06976 a

47.452 720.793 44.3209 8.06976 256-channel
94.14 720.793 44.3299 8.06976 pulse-height
140.837 720.793 47.8178 8.06976 discriminator
191.022 720.793 15.9423 8.06976 with
209.331 720.793 3.98108 8.06976 a
215.68 720.793 35.8656 8.06976 resolution
253.912 720.793 7.46901 8.06976 of
263.748 720.793 8.9664 8.06976 18
275.082 720.793 11.4501 8.06976 per

47.452 731.75 14.938 8.06976 cent
64.264 731.75 6.47374 8.06976 at
72.6117 731.75 4.4832 8.06976 6
78.9689 731.75 15.9333 8.06976 keV.
96.7762 731.75 31.8756 8.06976 Standard
130.526 731.75 4.4832 8.06976 2
136.883 731.75 19.9233 8.06976 mode
158.68 731.75 30.7458 8.06976 provides
191.3 731.75 43.3346 8.06976 time-binned
236.509 731.75 14.938 8.06976 data
253.321 731.75 15.9423 8.06976 with
271.137 731.75 15.4401 8.06976 16-s

310.463 63.2066 35.8656 8.06976 resolution
348.32 63.2066 12.9475 8.06976 and
363.258 63.2066 13.4496 8.06976 129
378.698 63.2066 24.2362 8.06976 energy
404.924 63.2066 33.615 8.06976 channels.
440.521 63.2066 17.4396 8.06976 Both
459.951 63.2066 7.46901 8.06976 of
469.411 63.2066 18.426 8.06976 these
489.827 63.2066 14.938 8.06976 data
506.756 63.2066 23.4113 8.06976 modes
532.158 63.2066 17.4217 8.06976 were

310.463 74.1635 16.4354 8.06976 used
328.414 74.1635 6.97586 8.06976 in
336.905 74.1635 11.9522 8.06976 our
350.373 74.1635 31.1313 8.06976 analysis.
383.02 74.1635 13.9428 8.06976 The
398.478 74.1635 53.2963 8.06976 signal-to-noise
453.289 74.1635 16.4354 8.06976 ratio
471.24 74.1635 10.4548 8.06976 for
483.21 74.1635 40.4474 8.06976 low-energy
525.173 74.1635 24.3976 8.06976 X-rays

310.463 85.1205 4.4832 8.06976 2
317.206 84.5197 6.99379 8.9664 ∼
326.459 85.1205 8.9664 8.06976 25
337.685 85.1205 14.8484 8.06976 keV
354.793 85.1205 5.98059 8.06976 is
363.033 85.1205 6.47374 8.06976 at
371.767 85.1205 8.47325 8.06976 its
382.499 85.1205 36.3677 8.06976 maximum
421.127 85.1205 6.97586 8.06976 in
430.362 85.1205 10.9569 8.06976 the
443.579 85.1205 37.8561 8.06976 uppermost
483.694 85.1205 42.689 8.06976 xenon-layer
528.643 85.1205 20.9096 8.06976 (layer

310.463 96.0774 9.71061 8.06976 1),
322.837 96.0774 19.9233 8.06976 while
345.423 96.0774 10.9569 8.06976 the
359.034 96.0774 12.4543 8.06976 full
374.152 96.0774 35.3635 8.06976 (nominal)
412.169 96.0774 17.9328 8.06976 2–60
432.765 96.0774 14.8484 8.06976 keV
450.268 96.0774 24.2362 8.06976 energy
477.167 96.0774 19.9144 8.06976 range
499.744 96.0774 7.46901 8.06976 of
509.876 96.0774 10.9569 8.06976 the
523.496 96.0774 17.4396 8.06976 PCA
543.59 96.0774 5.98059 8.06976 is

310.463 107.034 31.5079 8.06976 achieved
344.213 107.034 19.4212 8.06976 when
365.876 107.034 14.938 8.06976 data
383.055 107.034 17.4307 8.06976 from
402.728 107.034 8.9664 8.06976 all
413.936 107.034 17.9238 8.06976 three
434.101 107.034 21.4118 8.06976 layers
457.754 107.034 10.948 8.06976 are
470.944 107.034 37.6051 8.06976 combined.

310.463 127.576 11.208 7.8994 2.2
326.155 127.576 43.8367 7.8994 Monitoring
372.233 127.576 14.4538 7.8994 and
388.928 127.576 34.8614 7.8994 detection

310.463 143.949 7.46901 8.06976 In
320.201 143.949 11.9522 8.06976 our
334.422 143.949 18.937 8.06976 SMC
355.627 143.949 39.8556 8.06976 monitoring
397.751 143.949 41.3351 8.06976 programme
441.355 143.949 10.4548 8.06976 we
454.078 143.949 19.9233 8.06976 adopt
476.27 143.949 8.46428 8.06976 an
487.003 143.949 37.354 8.06976 automated
526.625 143.949 22.9002 8.06976 reduc-

310.463 154.906 45.3341 8.06976 tion/analysis
358.568 154.906 28.8897 8.06976 pipeline
390.228 154.906 13.4496 8.06976 that
406.449 154.906 5.98059 8.06976 is
415.2 154.906 35.8656 8.06976 optimized
453.836 154.906 10.4548 8.06976 for
467.062 154.906 21.9139 8.06976 pulsar
491.746 154.906 35.1124 8.06976 detection.
529.629 154.906 19.9233 8.06976 Good

310.463 165.863 45.9528 8.06976 Xenon-event
359.294 165.863 19.9233 8.06976 mode
382.096 165.863 14.938 8.06976 data
399.912 165.863 17.4307 8.06976 from
420.221 165.863 10.9569 8.06976 the
434.056 165.863 17.4396 8.06976 PCA
454.374 165.863 10.948 8.06976 are
468.2 165.863 16.4354 8.06976 used
487.514 165.863 6.97586 8.06976 to
497.368 165.863 32.8708 8.06976 construct
533.117 165.863 16.4444 8.06976 light

310.463 176.82 23.2678 8.06976 curves
335.937 176.82 6.47374 8.06976 at
344.616 176.82 8.9664 8.06976 10
355.789 176.82 10.4638 8.06976 ms
368.458 176.82 23.4202 8.06976 timing
394.084 176.82 38.1072 8.06976 resolution.
434.397 176.82 7.46901 8.06976 In
444.072 176.82 18.9191 8.06976 order
465.197 176.82 6.97586 8.06976 to
474.387 176.82 35.3635 8.06976 maximize
511.956 176.82 10.9569 8.06976 the
525.119 176.82 24.4065 8.06976 signal-

310.463 187.777 28.8897 8.06976 to-noise
341.604 187.777 18.677 8.06976 ratio,
362.531 187.777 15.9423 8.06976 only
380.724 187.777 22.5505 8.06976 events
405.525 187.777 17.4307 8.06976 from
425.206 187.777 10.9569 8.06976 the
438.414 187.777 11.4591 8.06976 top
452.124 187.777 21.4118 8.06976 anode
475.786 187.777 17.9238 8.06976 layer
495.96 187.777 7.46901 8.06976 of
505.68 187.777 10.9569 8.06976 the
518.887 187.777 17.4396 8.06976 PCA
538.578 187.777 10.948 8.06976 are

310.463 198.734 33.1219 8.06976 included.
346.159 198.734 11.7281 8.06976 We
360.469 198.734 11.9522 8.06976 use
374.995 198.734 10.9569 8.06976 the
388.525 198.734 24.2362 8.06976 energy
415.334 198.734 19.9144 8.06976 range
437.822 198.734 17.9328 8.06976 3–10
458.328 198.734 14.8484 8.06976 keV
475.75 198.734 6.97586 8.06976 in
485.299 198.734 18.9191 8.06976 order
506.792 198.734 6.97586 8.06976 to
516.341 198.734 19.6454 8.06976 cover
538.56 198.734 10.9569 8.06976 the

310.463 209.691 16.9286 8.06976 peak
329.571 209.691 31.8845 8.06976 emission
363.634 209.691 31.7321 8.06976 expected
397.545 209.691 10.4548 8.06976 for
410.179 209.691 20.9096 8.06976 X-ray
433.267 209.691 27.6434 8.06976 pulsars.
463.089 209.691 15.216 8.06976 Few
480.475 209.691 28.3966 8.06976 ﬁltering
511.051 209.691 25.3928 8.06976 criteria
538.622 209.691 10.948 8.06976 are

310.463 220.648 28.6387 8.06976 applied,
341.891 220.648 6.97586 8.06976 in
351.655 220.648 18.9191 8.06976 order
373.363 220.648 6.97586 8.06976 to
383.127 220.648 30.2347 8.06976 preserve
416.15 220.648 11.9522 8.06976 our
430.891 220.648 51.0188 8.06976 time-coverage
484.698 220.648 12.9475 8.06976 and
500.435 220.648 20.9096 8.06976 hence
524.133 220.648 25.4018 8.06976 tempo-

310.463 231.605 9.45955 8.06976 ral
322.72 231.605 38.1072 8.06976 resolution.
363.625 231.605 43.8278 8.06976 Background
410.25 231.605 19.9233 8.06976 count
432.971 231.605 16.9286 8.06976 rates
452.697 231.605 10.948 8.06976 are
466.443 231.605 34.3682 8.06976 estimated
503.609 231.605 19.4302 8.06976 using
525.836 231.605 10.9569 8.06976 the
539.591 231.605 9.96167 8.06976 L7

310.463 242.561 17.4396 8.06976 PCA
329.696 242.561 16.3457 8.06976 faint
347.835 242.561 42.3304 8.06976 background
391.959 242.561 28.1455 8.06976 models.
421.898 242.561 13.9428 8.06976 The
437.634 242.561 39.8377 8.06976 count-rates
479.265 242.561 10.948 8.06976 are
492.006 242.561 15.4401 8.06976 then
509.24 242.561 40.3398 8.06976 normalized

310.463 253.518 6.97586 8.06976 to
320.739 253.518 19.9233 8.06976 count
343.962 253.518 17.4396 8.06976 PCU
361.415 251.965 7.65133 5.9776 −1
372.867 253.579 3.48793 8.06976 s
376.355 251.965 7.65133 5.9776 −1
387.808 253.579 12.9475 8.06976 and
404.055 253.579 33.8751 8.06976 bin-times
441.23 253.579 33.355 8.06976 corrected
477.885 253.579 6.97586 8.06976 to
488.16 253.579 10.9569 8.06976 the
502.417 253.579 18.9281 8.06976 Solar
524.644 253.579 24.9087 8.06976 system

310.473 264.536 40.0798 8.06976 barycentre.

319.439 275.493 12.3198 8.06976 For
333.203 275.493 10.9569 8.06976 the
345.603 275.493 28.3876 8.06976 detailed
375.434 275.493 19.4302 8.06976 study
396.308 275.493 7.46901 8.06976 of
405.221 275.493 10.9569 8.06976 the
417.621 275.493 14.7139 8.06976 new
433.779 275.493 23.7968 8.06976 pulsar,
459.019 275.493 35.8656 8.06976 additional
496.328 275.493 33.8661 8.06976 reduction
531.638 275.493 17.9328 8.06976 steps

310.473 286.45 17.4217 8.06976 were
330.818 286.45 29.876 8.06976 required
363.617 286.45 6.97586 8.06976 to
373.516 286.45 33.3729 8.06976 eliminate
409.812 286.45 37.8561 8.06976 systematic
450.591 286.45 45.8183 8.06976 uncertainties
499.332 286.45 38.3493 8.06976 introduced
540.605 286.45 8.9664 8.06976 by

310.473 297.407 10.9569 8.06976 the
324.595 297.407 32.5032 8.06976 defective
360.263 297.407 17.4396 8.06976 PCU
380.868 297.407 6.7248 8.06976 0.
390.758 297.407 19.9233 8.06976 Since
413.847 297.407 10.9569 8.06976 the
427.969 297.407 13.9517 8.06976 loss
445.085 297.407 6.97586 8.06976 in
455.226 297.407 17.9328 8.06976 2000
476.324 297.407 16.4354 8.06976 May
495.925 297.407 7.46901 8.06976 of
506.559 297.407 10.9569 8.06976 the
520.681 297.407 28.8808 8.06976 propane

310.473 308.364 17.9238 8.06976 layer
330.19 308.364 8.9664 8.06976 on
340.95 308.364 17.4396 8.06976 PCU
360.183 308.364 6.7248 8.06976 0,
368.701 308.364 10.9569 8.06976 the
381.451 308.364 42.3304 8.06976 background
425.575 308.364 19.0626 8.06976 event
446.43 308.364 13.4406 8.06976 rate
461.664 308.364 6.97586 8.06976 in
470.433 308.364 12.9564 8.06976 this
485.183 308.364 28.8808 8.06976 detector
515.857 308.364 8.9664 8.06976 no
526.617 308.364 22.9092 8.06976 longer

310.473 319.321 29.3829 8.06976 matches
342.106 319.321 10.9569 8.06976 the
355.314 319.321 9.96167 8.06976 L7
367.526 319.321 42.3304 8.06976 background
412.107 319.321 24.6576 8.06976 model.
439.015 319.321 46.9929 8.06976 Additionally,
488.259 319.321 10.4548 8.06976 we
500.964 319.321 20.9186 8.06976 found
524.133 319.321 25.4466 8.06976 signiﬁ-

310.473 330.278 14.938 8.06976 cant
326.935 330.278 39.6046 8.06976 differences
368.064 330.278 29.876 8.06976 between
399.464 330.278 19.9233 8.06976 count
420.912 330.278 16.9286 8.06976 rates
439.365 330.278 12.9475 8.06976 and
453.837 330.278 25.3928 8.06976 spectra
480.754 330.278 30.8803 8.06976 obtained
513.158 330.278 17.4307 8.06976 from
532.113 330.278 17.4396 8.06976 PCU

310.473 341.235 4.4832 8.06976 0
317.664 341.235 12.9475 8.06976 and
333.319 341.235 10.9569 8.06976 the
346.984 341.235 12.9475 8.06976 rest
362.639 341.235 7.46901 8.06976 of
372.816 341.235 10.9569 8.06976 the
386.481 341.235 17.4396 8.06976 PCA
406.629 341.235 12.9475 8.06976 and
422.284 341.235 47.3157 8.06976 consequently
472.307 341.235 32.2342 8.06976 excluded
507.25 341.235 17.4396 8.06976 PCU
527.397 341.235 4.4832 8.06976 0
534.588 341.235 14.938 8.06976 data

310.473 352.192 17.4307 8.06976 from
329.284 352.192 11.9522 8.06976 our
342.617 352.192 31.1313 8.06976 analysis.
375.13 352.192 13.9428 8.06976 The
390.453 352.192 21.0531 8.06976 active
412.887 352.192 20.9276 8.06976 PCUs
435.196 352.192 6.97586 8.06976 in
443.552 352.192 16.4264 8.06976 each
461.359 352.192 41.6131 8.06976 observation
504.353 352.192 10.948 8.06976 are
516.682 352.192 32.8708 8.06976 indicated

310.473 363.148 6.97586 8.06976 in
320.103 363.148 19.6992 8.06976 Table
342.456 363.148 6.7248 8.06976 1,
351.835 363.148 22.416 8.06976 taking
376.914 358.029 7.58557 8.9664 √
384.499 363.148 9.57612 8.06976 (N
395.109 366.554 11.6276 5.37984 PCU
407.44 363.437 4.98532 7.69317 T
413.779 366.554 21.4937 5.37984 exposure
435.766 363.168 2.98581 8.06976 )
441.406 363.168 7.46901 8.06976 as
451.529 363.168 35.0048 8.06976 indicative
489.188 363.168 7.46901 8.06976 of
499.311 363.168 10.9569 8.06976 the
512.922 363.168 36.6457 8.06976 sensitivity

310.47 374.125 7.46901 8.06976 of
320.423 374.125 16.4264 8.06976 each
339.333 374.125 44.1057 8.06976 observation;
385.922 374.125 10.9569 8.06976 the
399.363 374.125 19.9144 8.06976 range
421.761 374.125 7.46901 8.06976 of
431.713 374.125 26.5316 8.06976 relative
460.729 374.125 36.6457 8.06976 sensitivity
499.858 374.125 19.9233 8.06976 spans
522.265 374.125 3.98108 8.06976 a
528.73 374.125 20.82 8.06976 factor

310.47 384.481 18.2018 8.9664 ∼1.7
331.487 385.082 29.876 8.06976 between
364.179 385.082 45.101 8.06976 observations
412.095 385.082 4.4832 8.06976 4
419.394 385.082 12.9475 8.06976 and
435.157 385.082 6.7248 8.06976 7.
444.697 385.082 16.9286 8.06976 Data
464.441 385.082 30.8803 8.06976 obtained
498.137 385.082 22.9181 8.06976 within
523.87 385.082 8.9664 8.06976 30
535.652 385.082 13.9517 8.06976 min

310.47 396.039 34.6462 8.06976 following
346.721 396.039 10.9569 8.06976 the
359.283 396.039 27.8855 8.06976 passage
388.773 396.039 7.46901 8.06976 of
397.865 396.308 21.4207 7.69317 RXTE
421.097 396.039 27.8945 8.06976 through
450.597 396.039 10.9569 8.06976 the
463.159 396.039 20.9276 8.06976 South
485.691 396.039 28.8897 8.06976 Atlantic
516.186 396.039 33.3729 8.06976 Anomaly

310.47 406.996 17.4217 8.06976 were
329.541 406.996 34.4758 8.06976 excluded,
365.667 406.996 7.46901 8.06976 as
374.786 406.996 17.4217 8.06976 were
393.857 406.996 14.938 8.06976 data
410.445 406.996 19.3316 8.06976 taken
431.427 406.996 23.4113 8.06976 during
456.488 406.996 12.813 8.06976 any
470.95 406.996 15.9423 8.06976 time
488.543 406.996 10.9569 8.06976 the
501.149 406.996 26.8902 8.06976 particle
529.689 406.996 19.9144 8.06976 back-

310.47 417.953 25.4018 8.06976 ground
338.015 417.953 33.2205 8.06976 exceeded
373.378 417.953 11.208 8.06976 0.1
386.729 417.953 28.8808 8.06976 electron
417.753 417.953 3.48793 8.06976 s
421.237 416.349 7.65133 5.9776 −1
431.527 417.963 6.97586 8.06976 in
440.646 417.963 17.4396 8.06976 PCU
460.229 417.963 6.7248 8.06976 2.
469.097 417.963 21.4118 8.06976 These
492.651 417.963 37.363 8.06976 conditions
532.157 417.963 17.4217 8.06976 were

310.472 428.92 26.3971 8.06976 applied
340.429 428.92 52.9287 8.06976 retrospectively
396.917 428.92 6.97586 8.06976 to
407.453 428.92 8.9664 8.06976 all
419.979 428.92 45.101 8.06976 observations
468.639 428.92 22.9181 8.06976 within
495.117 428.92 4.4832 8.06976 3
503.16 428.92 22.407 8.06976 weeks
529.127 428.92 20.4165 8.06976 either

310.472 439.877 14.4449 8.06976 side
326.988 439.877 7.46901 8.06976 of
336.528 439.877 10.9569 8.06976 the
349.556 439.877 29.2125 8.06976 outburst
380.84 439.877 7.46901 8.06976 of
390.38 439.877 17.4307 8.06976 XTE
409.882 439.877 44.1057 8.06976 J0052−723,
456.059 439.877 6.97586 8.06976 in
465.106 439.877 18.9191 8.06976 order
486.097 439.877 6.97586 8.06976 to
495.144 439.877 22.416 8.06976 obtain
519.631 439.877 8.46428 8.06976 an
530.167 439.877 19.4123 8.06976 accu-

310.472 450.833 13.4406 8.06976 rate
326.522 450.833 19.4212 8.06976 mean
348.552 450.833 19.9233 8.06976 count
371.085 450.833 13.4406 8.06976 rate
387.135 450.833 15.9423 8.06976 with
405.686 450.833 21.9139 8.06976 which
430.209 450.833 6.97586 8.06976 to
439.794 450.833 29.885 8.06976 estimate
472.289 450.833 10.9569 8.06976 the
485.855 450.833 43.6574 8.06976 contribution
532.121 450.833 17.4307 8.06976 from

310.472 461.79 37.8472 8.06976 interfering
350.561 461.79 26.8902 8.06976 sources
379.693 461.79 6.97586 8.06976 in
388.91 461.79 10.9569 8.06976 the
402.109 461.79 15.9423 8.06976 ﬁeld
420.292 461.79 7.46901 8.06976 of
430.003 461.79 18.8653 8.06976 view.

310.472 484.332 11.208 7.8994 2.3
326.163 484.332 26.2357 7.8994 Source
354.64 484.332 30.3871 7.8994 location

310.472 500.705 13.9428 8.06976 The
326.091 500.705 28.8987 8.06976 position
356.667 500.705 7.46901 8.06976 of
365.813 500.705 10.9569 8.06976 the
378.446 500.705 14.7139 8.06976 new
394.837 500.705 21.9139 8.06976 pulsar
418.427 500.705 13.8531 8.06976 was
433.957 500.705 40.3398 8.06976 determined
475.965 500.705 8.9664 8.06976 by
486.608 500.705 16.2113 8.06976 slew
504.496 500.705 45.101 8.06976 observations

310.472 511.662 8.9664 8.06976 on
320.828 511.662 17.9328 8.06976 2001
340.151 511.662 27.8855 8.06976 January
369.426 511.662 4.4832 8.06976 9
375.299 511.662 12.9475 8.06976 and
389.636 511.662 8.9664 8.06976 13
399.992 511.662 14.4359 8.06976 (see
415.818 511.662 19.6992 8.06976 Table
436.907 511.662 9.71061 8.06976 1).
448.008 511.662 40.842 8.06976 Orthogonal
490.239 511.662 19.6992 8.06976 slews
511.328 511.662 17.4217 8.06976 were
530.14 511.662 19.4212 8.06976 made

310.472 522.618 6.97586 8.06976 in
319.914 522.618 12.4543 8.06976 RA
334.843 522.618 12.9475 8.06976 and
350.256 522.618 14.4359 8.06976 Dec
367.166 522.618 15.6643 8.06976 over
385.297 522.618 3.98108 8.06976 a
391.752 522.618 26.9082 8.06976 slightly
421.126 522.618 30.6472 8.06976 different
454.239 522.618 28.8987 8.06976 position
485.613 522.618 8.9664 8.06976 on
497.045 522.618 16.4264 8.06976 each
515.946 522.618 33.615 8.06976 occasion,

310.472 533.575 15.9423 8.06976 with
329.382 533.575 10.9569 8.06976 the
343.307 533.575 24.8997 8.06976 second
371.174 533.575 9.96167 8.06976 set
384.104 533.575 7.46901 8.06976 of
394.541 533.575 19.6992 8.06976 slews
417.208 533.575 16.4354 8.06976 used
436.611 533.575 6.97586 8.06976 to
446.555 533.575 24.3976 8.06976 further
473.92 533.575 20.4165 8.06976 reﬁne
497.305 533.575 10.9569 8.06976 the
511.23 533.575 23.4023 8.06976 source
537.6 533.575 11.9522 8.06976 po-

310.472 544.532 19.9323 8.06976 sition
333.193 544.532 40.3398 8.06976 determined
376.321 544.532 17.4307 8.06976 from
396.54 544.532 10.9569 8.06976 the
410.304 544.532 16.1933 8.06976 ﬁrst.
429.286 544.532 9.96167 8.06976 As
442.036 544.532 10.9569 8.06976 the
455.79 544.532 23.4023 8.06976 source
481.981 544.532 23.1423 8.06976 moves
507.912 544.532 27.8945 8.06976 through
538.595 544.532 10.9569 8.06976 the

310.472 555.489 36.8609 8.06976 collimator
349.081 555.489 15.9423 8.06976 ﬁeld
366.772 555.489 7.46901 8.06976 of
375.989 555.489 18.8653 8.06976 view,
396.603 555.489 4.98532 8.06976 it
403.337 555.489 28.8897 8.06976 samples
433.975 555.489 30.6472 8.06976 different
466.371 555.489 22.685 8.06976 values
490.804 555.489 7.46901 8.06976 of
500.022 555.489 10.9569 8.06976 the
512.727 555.489 36.8609 8.06976 collimator

310.472 566.446 31.3734 8.06976 response
344.195 566.446 32.1266 8.06976 function,
378.67 566.446 21.9139 8.06976 which
402.942 566.446 36.8609 8.06976 modulates
442.152 566.446 10.9569 8.06976 the
455.459 566.446 29.876 8.06976 detected
487.684 566.446 19.9233 8.06976 count
509.965 566.446 15.6822 8.06976 rate.
527.997 566.446 21.5552 8.06976 Given

310.472 577.403 3.98108 8.06976 a
316.605 577.403 14.4449 8.06976 trial
333.202 577.403 28.8987 8.06976 position
364.252 577.403 12.9475 8.06976 and
379.352 577.403 30.8892 8.06976 intensity
412.393 577.403 10.4548 8.06976 for
425 577.403 10.9569 8.06976 the
438.109 577.403 25.6439 8.06976 source,
465.904 577.403 3.98108 8.06976 a
472.037 577.403 22.416 8.06976 model
496.605 577.403 16.4444 8.06976 light
515.202 577.403 19.7799 8.06976 curve
537.134 577.403 12.4454 8.06976 can

310.472 588.36 8.46428 8.06976 be
322.182 588.36 41.3351 8.06976 constructed
366.754 588.36 19.4302 8.06976 using
389.43 588.36 10.9569 8.06976 the
403.633 588.36 31.3734 8.06976 response
438.243 588.36 32.1266 8.06976 function,
473.607 588.36 12.9475 8.06976 and
489.8 588.36 35.3545 8.06976 compared
528.391 588.36 6.97586 8.06976 to
538.613 588.36 10.9569 8.06976 the

310.472 599.317 32.2342 8.06976 observed
345.226 599.317 16.4444 8.06976 light
364.19 599.317 22.0215 8.06976 curve.
388.731 599.317 13.9428 8.06976 The
405.193 599.317 28.8987 8.06976 position
436.611 599.317 12.9475 8.06976 and
452.078 599.317 30.8892 8.06976 intensity
485.487 599.317 10.948 8.06976 are
498.955 599.317 15.4401 8.06976 then
516.914 599.317 22.1829 8.06976 varied
541.617 599.317 7.97113 8.06976 it-

310.472 610.274 31.0148 8.06976 eratively
343.773 610.274 19.4302 8.06976 using
365.49 610.274 16.4354 8.06976 least
384.212 610.274 26.8902 8.06976 squares
413.397 610.274 21.4297 8.06976 ﬁtting
437.113 610.274 16.4444 8.06976 until
455.844 610.274 10.9569 8.06976 the
469.088 610.274 38.8604 8.06976 best-ﬁtting
510.234 610.274 39.3356 8.06976 parameters

310.47 630.397 18.7536 7.02166 Table
332.539 630.397 5.97758 7.02166 1.
344.503 630.341 18.1479 7.17309 Dates
364.643 630.341 6.63909 7.17309 of
373.275 630.341 42.0821 7.17309 observations.

310.47 649.768 14.8324 7.17309 Obs.

373.083 649.768 15.0475 7.17309 Date

440.104 649.768 38.7586 7.17309 Observation

508.041 649.768 20.9295 7.17309 Active
530.963 649.768 18.6022 7.17309 PCUs

310.47 666.207 3.98505 7.17309 1

350.289 666.207 15.9402 7.17309 2000
368.222 666.207 32.7491 7.17309 December
402.963 666.207 7.9701 7.17309 27

439.458 666.207 13.9477 7.17309 3.85
455.398 666.207 7.08542 7.17309 ks
464.476 666.207 15.0475 7.17309 stare

522.826 666.207 15.9402 7.17309 0124

310.47 676.169 3.98505 7.17309 2

356.258 676.169 15.9402 7.17309 2001
374.191 676.169 24.787 7.17309 January
400.971 676.169 3.98505 7.17309 3

439.45 676.169 13.9477 7.17309 5.12
455.391 676.169 7.08542 7.17309 ks
464.468 676.169 15.0475 7.17309 stare

526.811 676.169 11.9552 7.17309 023

310.462 686.132 3.98505 7.17309 3

356.25 686.132 15.9402 7.17309 2001
374.183 686.132 24.787 7.17309 January
400.963 686.132 3.98505 7.17309 9

450.72 686.132 17.5103 7.17309 slews

522.818 686.132 15.9402 7.17309 0234

310.454 696.095 3.98505 7.17309 4

356.242 696.095 15.9402 7.17309 2001
374.175 696.095 24.787 7.17309 January
400.955 696.095 3.98505 7.17309 9

440.989 696.095 13.9477 7.17309 2.91
456.929 696.095 3.98505 7.17309 k
462.906 696.095 15.0475 7.17309 stare

522.81 696.095 15.9402 7.17309 0234

310.446 706.057 3.98505 7.17309 5

354.242 706.057 15.9402 7.17309 2001
372.175 706.057 24.787 7.17309 January
398.954 706.057 7.9701 7.17309 13

450.712 706.057 17.5103 7.17309 slews

518.825 706.057 19.9253 7.17309 01234

310.446 716.02 3.98505 7.17309 6

354.242 716.02 15.9402 7.17309 2001
372.175 716.02 24.787 7.17309 January
398.954 716.02 7.9701 7.17309 18

435.888 716.02 13.9477 7.17309 4.15
451.828 716.02 14.1629 7.17309 ksec
467.983 716.02 15.0475 7.17309 stare

518.817 716.02 19.9253 7.17309 01234

310.446 725.983 3.98505 7.17309 7

354.242 725.983 15.9402 7.17309 2001
372.175 725.983 24.787 7.17309 January
398.954 725.983 7.9701 7.17309 24

435.888 725.983 13.9477 7.17309 5.12
451.828 725.983 14.1629 7.17309 ksec
467.983 725.983 15.0475 7.17309 stare

518.817 725.983 19.9253 7.17309 01234

431.241 753.372 3.32253 4.48317 C
437.984 752.384 15.9402 7.17309 2003
455.917 752.384 17.4944 7.17309 RAS,
475.404 752.384 28.3417 7.17309 MNRAS
505.738 752.439 13.9477 7.02166 339,
521.678 752.384 27.8954 7.17309 435–441

571.418 178.061 7.408 44.464 Downloaded
571.418 224.741 7.408 15.992 from
571.418 242.949 7.408 241.32 https://academic.oup.com/mnras/article-abstract/339/2/435/1005209
571.418 486.485 7.408 8.448 by
571.418 497.149 7.408 21.312 INRIA
571.418 520.677 7.408 15.56 user
571.418 538.453 7.408 8.896 on
571.418 549.565 7.408 8.896 31
571.418 560.677 7.408 28.44 October
571.418 591.333 7.408 17.792 2018

432.979 39.5188 21.2563 10.2576 XTE
457.224 39.5188 56.4764 10.2576 J0052−723
531.633 39.1601 17.9328 10.7597 437

47.4485 63.235 10.948 8.06976 are
61.5885 63.235 33.1219 8.06976 obtained.
97.9024 63.235 13.9428 8.06976 The
115.037 63.235 8.9664 8.06976 99
127.196 63.235 11.4501 8.06976 per
141.838 63.235 14.938 8.06976 cent
159.968 63.235 38.8424 8.06976 conﬁdence
202.002 63.235 27.3924 8.06976 contour
232.587 63.235 40.3398 8.06976 determined
276.119 63.235 10.4548 8.06976 for

47.4485 74.1919 17.4307 8.06976 XTE
66.8787 74.1919 41.8641 8.06976 J0052−723
110.742 74.1919 5.98059 8.06976 is
118.722 74.1919 3.98108 8.06976 a
124.703 74.1919 40.3309 8.06976 rectangular
167.024 74.1919 22.7747 8.06976 region
191.799 74.1919 14.947 8.06976 RA:
208.745 74.1919 4.4832 8.06976 0
213.217 72.9804 2.9888 5.37984 h
216.704 74.1938 8.9664 8.06976 52
225.67 72.9804 4.65057 5.37984 m
230.819 74.1938 8.9664 8.06976 17
239.785 72.9804 2.32529 5.37984 s
244.605 73.593 6.99379 8.9664 ±
253.598 74.1938 8.9664 8.06976 24
262.562 72.9804 2.32529 5.37984 s
265.385 74.1938 2.2416 8.06976 ,
269.626 74.1938 16.9286 8.06976 Dec:

47.4479 84.55 15.9602 8.9664 −72
63.4086 83.5387 2.9888 5.9776 ◦
66.8956 85.1527 8.9664 8.06976 19
77.974 85.1527 8.9664 8.06976 51
92.659 84.5519 6.99379 8.9664 ±
101.643 85.1527 8.9664 8.06976 50
116.579 85.1527 29.634 8.06976 (J2000).

47.4484 112.778 11.208 7.8994 2.4
63.1396 112.778 27.742 7.8994 Timing
93.1232 112.778 30.3961 7.8994 analysis

47.4484 129.151 13.9428 8.06976 The
64.4666 129.151 22.416 8.06976 10-ms
89.9581 129.151 35.8656 8.06976 resolution
128.899 129.151 16.4444 8.06976 light
148.419 129.151 23.2678 8.06976 curves
174.762 129.151 30.8803 8.06976 obtained
208.718 129.151 17.4307 8.06976 from
229.224 129.151 10.9569 8.06976 the
243.266 129.151 13.3151 8.06976 ﬁve
259.656 129.151 26.8992 8.06976 pointed

47.4484 140.108 45.101 8.06976 observations
95.2751 140.108 17.4217 8.06976 were
115.423 140.108 31.3734 8.06976 analysed
149.522 140.108 19.4302 8.06976 using
171.678 140.108 10.9569 8.06976 the
185.361 140.108 52.6328 8.06976 Lomb–Scargle
240.719 140.108 45.8183 8.06976 periodogram

47.4484 151.065 29.7146 8.06976 (Scargle
79.1087 151.065 20.9186 8.06976 1982)
101.982 151.065 6.47374 8.06976 at
110.401 151.065 3.98108 8.06976 a
116.337 151.065 35.8656 8.06976 resolution
154.157 151.065 7.46901 8.06976 of
163.572 151.065 24.6576 8.06976 0.0001
190.176 151.065 10.4548 8.06976 Hz
202.576 151.065 14.1938 8.06976 (2.5
218.725 151.065 10.4638 8.06976 ms
231.134 151.065 7.46901 8.06976 or
240.549 151.065 15.6912 8.06976 0.05
258.195 151.065 11.4501 8.06976 per
271.59 151.065 14.938 8.06976 cent

47.4484 162.022 6.47374 8.06976 at
56.074 162.022 4.4832 8.06976 5
62.7092 162.022 8.71534 8.06976 s).
73.5764 162.022 13.9428 8.06976 The
89.6711 162.022 52.6328 8.06976 Lomb–Scargle
144.456 162.022 26.8992 8.06976 method
173.507 162.022 13.8531 8.06976 was
189.512 162.022 16.4354 8.06976 used
208.099 162.022 6.97586 8.06976 to
217.227 162.022 31.8666 8.06976 calculate
251.246 162.022 10.9569 8.06976 the
264.355 162.022 22.1829 8.06976 power

47.4484 172.979 25.8985 8.06976 density
75.9104 172.979 32.8645 8.06976 spectrum
111.338 172.979 22.4124 8.06976 (PDS)
136.314 172.979 22.1883 8.06976 owing
161.066 172.979 6.97496 8.06976 to
170.605 172.979 16.4327 8.06976 gaps
189.601 172.979 6.97496 8.06976 in
199.139 172.979 10.9551 8.06976 the
212.658 172.979 14.9353 8.06976 data
230.157 172.979 24.3931 8.06976 caused
257.113 172.979 8.9655 8.06976 by
268.642 172.979 17.931 8.06976 SAA

47.4484 183.935 30.1271 8.06976 passage,
80.2923 183.935 19.4212 8.06976 Earth
102.43 183.935 39.8467 8.06976 occultation
144.994 183.935 12.9475 8.06976 and
160.658 183.935 21.9408 8.06976 slews.
185.316 183.935 46.9929 8.06976 Additionally,
235.025 183.935 12.9564 8.06976 this
250.699 183.935 35.8477 8.06976 procedure

47.4484 194.892 5.98059 8.06976 is
55.3209 194.892 21.4207 8.06976 suited
78.6335 194.892 6.97586 8.06976 to
87.5013 194.892 10.9569 8.06976 the
100.35 194.892 25.5363 8.06976 uneven
127.778 194.892 51.8079 8.06976 time-sampling
181.478 194.892 38.3493 8.06976 introduced
221.719 194.892 8.9664 8.06976 by
232.578 194.892 37.8382 8.06976 barycentre
272.308 194.892 14.2566 8.06976 cor-

47.4484 205.849 24.8997 8.06976 rection
74.1951 205.849 7.46901 8.06976 of
83.5112 205.849 10.9569 8.06976 the
96.3152 205.849 39.2101 8.06976 light-curve
137.372 205.849 36.1167 8.06976 bin-times.
175.336 205.849 13.9428 8.06976 The
191.126 205.849 12.8578 8.06976 fast
205.831 205.849 52.6328 8.06976 Lomb–Scargle
260.311 205.849 16.9286 8.06976 code
279.086 205.849 7.46901 8.06976 of

47.4484 216.806 18.9281 8.06976 Press
68.618 216.806 6.97586 8.06976 &
77.8355 216.806 28.3966 8.06976 Rybicki
108.474 216.806 23.9044 8.06976 (1989)
134.62 216.806 13.8531 8.06976 was
150.714 216.806 46.8225 8.06976 implemented
199.779 216.806 6.97586 8.06976 in
208.996 216.806 24.4065 8.06976 double
235.644 216.806 35.1124 8.06976 precision.

56.4148 227.763 24.4065 8.06976 Owing
83.3947 227.763 6.97586 8.06976 to
92.9439 227.763 10.9569 8.06976 the
106.474 227.763 22.9181 8.06976 highly
131.966 227.763 52.8031 8.06976 non-sinusoidal
187.342 227.763 22.407 8.06976 nature
212.323 227.763 7.46901 8.06976 of
222.365 227.763 10.9569 8.06976 the
235.895 227.763 18.9281 8.06976 pulse
257.397 227.763 29.1408 8.06976 proﬁles,

47.4484 238.72 10.9551 8.06976 the
61.6933 238.72 26.3917 8.06976 periods
91.3747 238.72 20.915 8.06976 found
115.58 238.72 6.97496 8.06976 in
125.844 238.72 10.9551 8.06976 the
140.089 238.72 16.4426 8.06976 PDS
159.822 238.72 17.419 8.06976 were
180.53 238.72 42.8316 8.06976 investigated
226.652 238.72 19.4266 8.06976 using
249.368 238.72 20.4129 8.06976 phase
273.071 238.72 13.4469 8.06976 dis-

47.4484 249.677 26.3971 8.06976 persion
76.0332 249.677 47.8268 8.06976 minimization
126.048 249.677 25.4018 8.06976 (PDM)
153.637 249.677 47.3157 8.06976 (Stellingwerf
203.141 249.677 23.1602 8.06976 1978).
228.489 249.677 13.9428 8.06976 The
244.619 249.677 16.4444 8.06976 light
263.252 249.677 23.2678 8.06976 curves

47.4484 260.634 17.4217 8.06976 were
68.2325 260.634 22.9092 8.06976 folded
94.504 260.634 8.9664 8.06976 on
106.833 260.634 3.98108 8.06976 a
114.185 260.634 20.4165 8.06976 series
137.964 260.634 7.46901 8.06976 of
148.796 260.634 14.4449 8.06976 trial
166.603 260.634 26.3971 8.06976 periods
196.362 260.634 26.3881 8.06976 centred
226.113 260.634 8.9664 8.06976 on
238.442 260.634 10.9569 8.06976 the
252.761 260.634 22.9092 8.06976 period
279.033 260.634 7.46901 8.06976 of

47.4484 271.591 28.6387 8.06976 interest,
78.1045 271.591 6.47374 8.06976 at
86.5957 271.591 16.4264 8.06976 each
105.04 271.591 14.4449 8.06976 trial
121.502 271.591 22.9092 8.06976 period
146.428 271.591 10.9569 8.06976 the
159.403 271.591 22.9092 8.06976 folded
184.329 271.591 14.938 8.06976 data
201.285 271.591 17.4217 8.06976 were
220.724 271.591 24.4065 8.06976 binned
247.148 271.591 6.97586 8.06976 in
256.141 271.591 8.9664 8.06976 10
267.125 271.591 19.4212 8.06976 (non-

47.4484 282.548 45.5493 8.06976 overlapping)
95.8221 282.548 20.4165 8.06976 phase
119.063 282.548 30.6561 8.06976 intervals
152.544 282.548 6.97586 8.06976 to
162.344 282.548 21.4028 8.06976 create
186.571 282.548 3.98108 8.06976 a
193.377 282.548 33.1219 8.06976 template.
229.323 282.548 13.9428 8.06976 The
246.09 282.548 30.145 8.06976 variance
279.059 282.548 7.46901 8.06976 of

47.4484 293.505 21.9228 8.06976 points
72.3929 293.505 35.8656 8.06976 belonging
111.28 293.505 6.97586 8.06976 to
121.278 293.505 16.4264 8.06976 each
140.726 293.505 11.4591 8.06976 bin
155.216 293.505 13.8531 8.06976 was
172.099 293.505 15.4401 8.06976 then
190.561 293.505 35.3635 8.06976 combined
228.946 293.505 15.9423 8.06976 with
247.91 293.505 10.9569 8.06976 the
261.889 293.505 24.6307 8.06976 overall

47.4484 304.462 30.145 8.06976 variance
79.3956 304.462 6.97586 8.06976 in
88.1737 304.462 10.9569 8.06976 the
100.933 304.462 16.4444 8.06976 light
119.18 304.462 19.7799 8.06976 curve
140.762 304.462 6.97586 8.06976 to
149.54 304.462 21.4028 8.06976 create
172.745 304.462 3.98108 8.06976 a
178.528 304.462 29.876 8.06976 measure
210.206 304.462 7.46901 8.06976 of
219.478 304.462 10.9569 8.06976 the
232.237 304.462 54.2916 8.06976 goodness-of-ﬁt

47.4484 315.419 29.876 8.06976 between
79.0997 315.419 10.9569 8.06976 the
91.832 315.419 26.5316 8.06976 derived
120.139 315.419 30.8803 8.06976 template
152.795 315.419 12.9475 8.06976 and
167.517 315.419 10.9569 8.06976 the
180.25 315.419 16.4444 8.06976 light
198.469 315.419 22.0215 8.06976 curve.
222.266 315.419 15.9423 8.06976 This
239.984 315.419 32.8619 8.06976 approach
274.621 315.419 11.9522 8.06976 has

47.4484 326.376 8.46428 8.06976 an
59.0329 326.376 36.1256 8.06976 advantage
98.2789 326.376 15.6643 8.06976 over
117.063 326.376 26.2626 8.06976 Fourier
146.446 326.376 38.3493 8.06976 techniques
187.907 326.376 13.4496 8.06976 that
204.477 326.376 11.9522 8.06976 use
219.549 326.376 8.46428 8.06976 an
231.134 326.376 30.8803 8.06976 assumed
265.126 326.376 21.4297 8.06976 ﬁtting

47.4484 337.333 32.1266 8.06976 function.
83.2153 337.333 11.7281 8.06976 We
98.5837 337.333 20.9186 8.06976 found
123.143 337.333 13.4496 8.06976 that
140.233 337.333 19.4302 8.06976 PDM
163.303 337.333 29.876 8.06976 detected
196.82 337.333 10.9569 8.06976 the
211.417 337.333 26.6481 8.06976 4.782-s
241.705 337.333 44.823 8.06976 fundamental

47.4484 348.29 18.9281 8.06976 pulse
69.4609 348.29 22.9092 8.06976 period
95.4545 348.29 7.46901 8.06976 as
106.008 348.29 10.9569 8.06976 the
120.049 348.29 32.3777 8.06976 strongest
155.511 348.29 45.8183 8.06976 periodogram
204.414 348.29 27.1323 8.06976 feature,
234.631 348.29 16.5699 8.06976 even
254.285 348.29 6.97586 8.06976 in
264.346 348.29 22.2277 8.06976 obser-

47.4484 359.247 25.6798 8.06976 vations
76.1946 359.247 21.9049 8.06976 where
101.166 359.247 10.9569 8.06976 the
115.19 359.247 16.4444 8.06976 PDS
134.7 359.247 27.1682 8.06976 showed
164.935 359.247 15.9423 8.06976 only
183.944 359.247 10.9569 8.06976 the
197.967 359.247 11.9612 8.06976 P/2
212.995 359.247 36.1077 8.06976 harmonic.
252.169 359.247 34.3772 8.06976 Resulting

47.4484 370.203 18.9281 8.06976 pulse
69.4519 370.203 26.3971 8.06976 periods
98.9245 370.203 12.9475 8.06976 and
114.947 370.203 16.4354 8.06976 their
134.458 370.203 20.9096 8.06976 errors
158.443 370.203 34.3682 8.06976 estimated
195.887 370.203 17.4307 8.06976 from
216.393 370.203 10.9569 8.06976 the
230.426 370.203 19.4302 8.06976 PDM
252.931 370.203 10.948 8.06976 are
266.955 370.203 19.5647 8.06976 given

47.4484 381.16 6.97586 8.06976 in
57.0603 381.16 19.6992 8.06976 Table
79.3956 381.16 6.7248 8.06976 2.
88.7566 381.16 7.46901 8.06976 In
98.8617 381.16 14.2028 8.06976 Fig.
115.701 381.16 6.7248 8.06976 8,
125.062 381.16 17.8162 8.06976 later,
145.514 381.16 10.9569 8.06976 the
159.107 381.16 22.1649 8.06976 4.78-s
183.908 381.16 24.8907 8.06976 feature
211.435 381.16 5.98059 8.06976 is
220.052 381.16 34.3682 8.06976 displayed
257.056 381.16 10.4548 8.06976 for
270.147 381.16 16.4264 8.06976 each

47.4484 392.117 41.6131 8.06976 observation
91.2313 392.117 6.97586 8.06976 in
100.377 392.117 18.9191 8.06976 order
121.466 392.117 6.97586 8.06976 to
130.612 392.117 21.9139 8.06976 assess
154.695 392.117 10.9569 8.06976 the
167.822 392.117 31.6424 8.06976 evidence
201.635 392.117 10.4548 8.06976 for
214.259 392.117 28.8808 8.06976 changes
245.31 392.117 6.97586 8.06976 in
254.456 392.117 10.9569 8.06976 the
267.582 392.117 18.9281 8.06976 pulse

47.4484 403.074 25.1508 8.06976 period.
75.0111 403.074 12.3198 8.06976 For
89.7429 403.074 12.9564 8.06976 this
105.111 403.074 13.9517 8.06976 plot
121.475 403.074 10.4548 8.06976 we
134.342 403.074 18.7039 8.06976 show
155.458 403.074 10.9569 8.06976 the
168.827 403.074 19.4302 8.06976 PDM
190.669 403.074 27.4013 8.06976 statistic
220.482 403.074 36.3498 8.06976 calculated
259.244 403.074 10.4548 8.06976 for
272.11 403.074 14.4449 8.06976 trial

47.4484 414.031 26.3971 8.06976 periods
76.6878 414.031 6.97586 8.06976 in
86.506 414.031 10.9569 8.06976 the
100.305 414.031 19.9144 8.06976 range
123.062 414.031 17.4307 8.06976 from
143.335 414.031 15.6912 8.06976 4.77
161.869 414.031 6.97586 8.06976 to
171.687 414.031 15.6912 8.06976 4.79
190.22 414.031 5.72953 8.06976 s,
198.792 414.031 21.9139 8.06976 which
223.548 414.031 5.98059 8.06976 is
232.371 414.031 40.833 8.06976 appropriate
276.047 414.031 10.4548 8.06976 for

47.4484 424.988 10.9569 8.06976 the
60.6469 424.988 20.4255 8.06976 width
83.314 424.988 7.46901 8.06976 of
93.0246 424.988 10.9569 8.06976 the
106.223 424.988 27.1323 8.06976 feature.

56.4148 435.945 26.2178 8.06976 Having
84.4796 435.945 39.8467 8.06976 established
126.173 435.945 10.9569 8.06976 the
138.977 435.945 18.9281 8.06976 pulse
159.753 435.945 22.9092 8.06976 period
184.509 435.945 6.97586 8.06976 in
193.332 435.945 16.4264 8.06976 each
211.605 435.945 43.8547 8.06976 observation,
257.307 435.945 10.9569 8.06976 the
270.111 435.945 16.4444 8.06976 light

47.4484 446.902 23.2678 8.06976 curves
74.3207 446.902 17.4217 8.06976 were
95.3469 446.902 22.9092 8.06976 folded
121.861 446.902 6.97586 8.06976 to
132.441 446.902 28.8808 8.06976 produce
164.926 446.902 18.9281 8.06976 pulse
187.459 446.902 26.8992 8.06976 proﬁles
217.962 446.902 14.4359 8.06976 (see
236.003 446.902 14.2028 8.06976 Fig.
253.81 446.902 9.71061 8.06976 1).
267.125 446.902 19.4302 8.06976 From

47.4484 457.859 18.426 8.06976 these
68.6449 457.859 29.1408 8.06976 proﬁles,
100.556 457.859 38.3403 8.06976 peak–peak
141.667 457.859 18.9281 8.06976 pulse
163.366 457.859 39.3535 8.06976 amplitudes
205.49 457.859 17.4217 8.06976 were
225.682 457.859 30.8803 8.06976 obtained
259.333 457.859 6.97586 8.06976 in
269.08 457.859 17.4396 8.06976 units

47.4484 468.816 7.46901 8.06976 of
56.6031 468.816 19.9233 8.06976 count
78.2121 468.816 17.4396 8.06976 PCU
95.6577 467.269 7.65133 5.9776 −1
105.496 468.883 3.48793 8.06976 s
108.984 467.269 7.65133 5.9776 −1
117.133 468.883 2.2416 8.06976 .
121.06 468.883 36.5112 8.06976 Following
159.257 468.883 49.8084 8.06976 determination
210.751 468.883 7.46901 8.06976 of
219.906 468.883 10.9569 8.06976 the
232.549 468.883 23.4023 8.06976 source
257.637 468.883 28.8987 8.06976 position

47.4463 479.84 29.885 8.06976 (Section
79.8688 479.84 16.4354 8.06976 2.1),
98.8507 479.84 10.9569 8.06976 the
112.345 479.84 47.3067 8.06976 epoch-folded
162.198 479.84 21.2862 8.06976 ﬂuxes
186.022 479.84 17.4307 8.06976 from
205.999 479.84 16.4264 8.06976 each
224.963 479.84 41.6131 8.06976 observation
269.114 479.84 17.4217 8.06976 were

47.4463 490.797 33.355 8.06976 corrected
82.8278 490.797 10.4548 8.06976 for
95.3 490.797 36.8609 8.06976 collimator
134.178 490.797 31.3734 8.06976 response
167.578 490.797 12.9475 8.06976 due
182.543 490.797 6.97586 8.06976 to
191.545 490.797 16.4354 8.06976 their
210.007 490.797 30.6472 8.06976 different
242.672 490.797 29.894 8.06976 pointing
274.592 490.797 11.9522 8.06976 po-

47.4463 501.754 25.6618 8.06976 sitions.
75.4125 501.754 33.8751 8.06976 Although
111.592 501.754 17.4307 8.06976 XTE
131.327 501.754 41.8641 8.06976 J0052−723
175.495 501.754 13.8531 8.06976 was
191.653 501.754 10.9569 8.06976 the
204.914 501.754 15.9423 8.06976 only
223.161 501.754 21.9139 8.06976 pulsar
247.379 501.754 29.876 8.06976 detected
279.56 501.754 6.97586 8.06976 in

47.4463 512.711 18.426 8.06976 these
67.4504 512.711 47.3426 8.06976 observations,
116.371 512.711 17.9238 8.06976 there
135.873 512.711 5.98059 8.06976 is
143.432 512.711 31.7321 8.06976 expected
176.742 512.711 6.97586 8.06976 to
185.296 512.711 8.46428 8.06976 be
195.338 512.711 3.98108 8.06976 a
200.897 512.711 31.8666 8.06976 non-zero
234.342 512.711 43.6574 8.06976 contribution
279.577 512.711 6.97586 8.06976 to

47.4463 523.667 10.9569 8.06976 the
60.6628 523.667 20.9096 8.06976 X-ray
83.841 523.667 13.9517 8.06976 ﬂux
100.052 523.667 12.9475 8.06976 due
115.259 523.667 6.97586 8.06976 to
124.495 523.667 18.426 8.06976 other
145.18 523.667 26.8902 8.06976 sources
174.33 523.667 6.97586 8.06976 in
183.565 523.667 10.9569 8.06976 the
196.782 523.667 21.1786 8.06976 SMC.
220.22 523.667 10.9569 8.06976 No
233.436 523.667 33.3819 8.06976 pointings
269.078 523.667 17.4217 8.06976 were

47.4463 534.624 19.4212 8.06976 made
69.6113 534.624 6.47374 8.06976 at
78.8287 534.624 10.9569 8.06976 the
92.5294 534.624 18.7846 8.06976 exact
114.058 534.624 41.3351 8.06976 coordinates
158.137 534.624 7.46901 8.06976 of
168.349 534.624 10.9569 8.06976 the
182.05 534.624 14.7139 8.06976 new
199.508 534.624 21.9139 8.06976 pulsar
224.165 534.624 16.4264 8.06976 after
243.335 534.624 4.98532 8.06976 it
251.064 534.624 12.9475 8.06976 had
266.756 534.624 19.8247 8.06976 faded

47.4463 545.581 17.4307 8.06976 from
67.809 545.581 17.2065 8.06976 view
87.9565 545.581 12.9475 8.06976 and
103.836 545.581 7.97113 8.06976 so
114.748 545.581 4.98532 8.06976 it
122.665 545.581 5.98059 8.06976 is
131.587 545.581 28.1814 8.06976 difﬁcult
162.7 545.581 6.97586 8.06976 to
172.617 545.581 29.885 8.06976 estimate
205.434 545.581 12.9564 8.06976 this
221.323 545.581 42.0883 8.06976 component.
266.343 545.581 20.1923 8.06976 How-

47.4463 556.538 15.0725 8.06976 ever
65.7109 556.538 45.101 8.06976 observations
114.004 556.538 17.4217 8.06976 were
134.618 556.538 19.4212 8.06976 made
157.231 556.538 6.47374 8.06976 at
166.897 556.538 10.9569 8.06976 the
181.046 556.538 30.3782 8.06976 standard
214.616 556.538 39.8556 8.06976 monitoring
257.664 556.538 28.8987 8.06976 position

47.4463 567.495 14.4359 8.06976 (see
63.819 567.495 26.8992 8.06976 Section
92.6549 567.495 7.46901 8.06976 2)
102.061 567.495 25.1418 8.06976 before,
129.139 567.495 25.6529 8.06976 during,
156.729 567.495 12.9475 8.06976 and
171.613 567.495 16.4264 8.06976 after
189.976 567.495 10.9569 8.06976 the
202.87 567.495 31.4541 8.06976 outburst.
236.261 567.495 13.9428 8.06976 Our
252.14 567.495 34.3682 8.06976 estimated

47.4463 578.452 19.1971 8.06976 value
69.3871 578.452 10.4548 8.06976 for
82.5857 578.452 10.9569 8.06976 the
96.2863 578.452 34.3682 8.06976 persistent
133.398 578.452 42.3304 8.06976 background
178.472 578.452 6.47374 8.06976 at
187.69 578.452 12.9564 8.06976 this
203.39 578.452 29.894 8.06976 pointing
236.028 578.452 13.8531 8.06976 was
252.624 578.452 11.208 8.06976 0.9
266.576 578.452 19.9233 8.06976 count

47.4485 598.78 18.7536 7.02166 Table
69.9401 598.78 5.97758 7.02166 2.
82.3177 598.724 30.4219 7.17309 Observed
115.154 598.724 34.9648 7.17309 parameters
152.526 598.724 6.63909 7.17309 of
161.58 598.724 15.4939 7.17309 XTE
179.481 598.724 39.2049 7.17309 J0052−723.
221.093 598.724 21.2483 7.17309 Values
244.748 598.724 9.73149 7.17309 are
256.895 598.724 29.6488 7.17309 corrected

47.4485 608.686 9.29314 7.17309 for
58.3357 608.686 32.7651 7.17309 collimator
92.6948 608.686 27.8874 7.17309 response
122.176 608.686 11.5088 7.17309 and
135.279 608.686 33.6418 7.17309 interfering
170.515 608.686 20.802 7.17309 source
192.911 608.686 38.8064 7.17309 contribution
233.311 608.686 18.8652 7.17309 (∼0.9
253.77 608.686 7.53174 7.17309 Ct
262.896 608.686 15.5018 7.17309 PCU
278.402 606.754 7.65133 5.9776 −1

47.4485 618.649 3.10037 7.17309 s
50.5489 616.716 7.65133 5.9776 −1
58.6983 618.649 4.64657 7.17309 ).
65.8873 618.649 38.5115 7.17309 Appropriate
106.933 618.649 32.7651 7.17309 collimator
142.241 618.649 27.8874 7.17309 response
172.671 618.649 5.31606 7.17309 is
180.529 618.649 13.9477 7.17309 0.21
197.019 618.649 9.29314 7.17309 for
208.855 618.649 40.0896 7.17309 observations
251.487 618.649 5.97757 7.17309 1,
260.007 618.649 5.97758 7.17309 2,
268.527 618.649 3.98505 7.17309 4
275.055 618.649 11.5088 7.17309 and

47.4525 628.612 5.97758 7.17309 7,
55.3588 628.612 11.5088 7.17309 and
68.7964 628.612 13.9477 7.17309 0.99
84.6729 628.612 9.29314 7.17309 for
95.8948 628.612 36.9892 7.17309 observation
134.813 628.612 5.97758 7.17309 6.
142.719 628.612 11.5088 7.17309 See
156.157 628.612 23.9103 7.17309 Section
181.996 628.612 9.96263 7.17309 2.4
193.887 628.612 9.29314 7.17309 for
205.109 628.612 39.0615 7.17309 explanation.
246.099 628.612 17.7096 7.17309 Note:
265.738 628.612 20.8179 7.17309 timing

47.4525 638.574 25.6797 7.17309 analysis
75.1247 638.574 10.1858 7.17309 not
87.303 638.574 23.464 7.17309 applied
112.759 638.574 6.20074 7.17309 to
120.953 638.574 14.4099 7.17309 slew
137.355 638.574 40.0896 7.17309 observations
179.437 638.574 3.98505 7.17309 3
185.415 638.574 11.5088 7.17309 and
198.916 638.574 5.97758 7.17309 5.

47.4485 659.731 14.8324 7.17309 Obs.

100.051 659.731 17.2712 7.17309 Pulse
119.315 659.731 20.3636 7.17309 period

167.933 659.731 17.2712 7.17309 Pulse
187.196 659.731 31.8804 7.17309 amplitude

247.068 659.731 18.1479 7.17309 Mean
267.208 659.731 12.4015 7.17309 ﬂux

47.4485 669.694 24.3487 7.17309 number

107.248 669.694 25.2333 7.17309 seconds

170.3 669.694 7.53174 7.17309 Ct
179.824 669.694 15.5018 7.17309 PCU
195.327 667.761 7.65133 5.9776 −1
205.469 669.694 3.10037 7.17309 s
208.569 667.761 7.65133 5.9776 −1

240.134 669.694 7.53174 7.17309 Ct
249.658 669.694 15.5018 7.17309 PCU
265.16 667.761 7.65133 5.9776 −1
275.302 669.694 3.10037 7.17309 s
278.402 667.761 7.65133 5.9776 −1

47.4485 686.132 3.98505 7.17309 1

92.8462 686.132 21.9178 7.17309 4.7817
116.756 685.598 6.21668 7.9701 ±
124.966 686.132 21.9178 7.17309 0.0001

174.46 686.132 13.9477 7.17309 2.58
190.4 685.598 6.21668 7.9701 ±
198.609 686.132 13.9477 7.17309 0.71

256.369 686.132 13.9477 7.17309 11.4

47.4485 696.095 3.98505 7.17309 2

92.8462 696.095 21.9178 7.17309 4.7818
116.756 695.561 6.21668 7.9701 ±
124.966 696.095 21.9178 7.17309 0.0001

174.46 696.095 13.9477 7.17309 3.83
190.4 695.561 6.21668 7.9701 ±
198.609 696.095 13.9477 7.17309 0.69

256.369 696.095 13.9477 7.17309 11.8

47.4485 706.057 3.98505 7.17309 4

96.8312 706.057 17.9327 7.17309 4.782
116.756 705.523 6.21668 7.9701 ±
124.966 706.057 17.9327 7.17309 0.001

174.46 706.057 13.9477 7.17309 3.88
190.4 705.523 6.21668 7.9701 ±
198.609 706.057 13.9477 7.17309 0.79

260.354 706.057 9.96263 7.17309 8.6

47.4485 716.02 3.98505 7.17309 6

92.8462 716.02 21.9178 7.17309 4.7820
116.756 715.486 6.21668 7.9701 ±
124.966 716.02 21.9178 7.17309 0.0001

174.46 716.02 13.9477 7.17309 2.88
190.4 715.486 6.21668 7.9701 ±
198.609 716.02 13.9477 7.17309 0.42

260.354 716.02 9.96263 7.17309 7.5

47.4485 725.983 3.98505 7.17309 7

92.8462 725.983 21.9178 7.17309 4.7823
116.756 725.449 6.21668 7.9701 ±
124.966 725.983 21.9178 7.17309 0.0001

174.46 725.983 13.9477 7.17309 2.04
190.4 725.449 6.21668 7.9701 ±
198.609 725.983 13.9477 7.17309 0.51

260.354 725.983 9.96263 7.17309 5.6

310.462 380.682 22.4358 7.02166 Figure
338.549 380.682 5.97758 7.02166 1.
353.158 380.626 17.2712 7.17309 Pulse
374.749 380.626 23.9103 7.17309 proﬁles
402.979 380.626 15.9402 7.17309 3–10
423.239 380.626 14.1629 7.17309 keV,
441.722 380.626 17.7096 7.17309 count
463.751 380.626 15.5018 7.17309 PCU
479.254 378.693 7.65133 5.9776 −1
491.723 380.626 3.10037 7.17309 s
494.824 378.693 7.65133 5.9776 −1
502.973 380.626 1.99253 7.17309 ,
509.286 380.626 40.2809 7.17309 background-

310.464 390.588 32.7571 7.17309 subtracted
345.022 390.588 11.5088 7.17309 and
358.332 390.588 64.9085 7.17309 collimator-corrected
425.042 390.588 30.111 7.17309 assuming
456.954 390.588 3.53872 7.17309 a
462.294 390.588 26.5643 7.17309 constant
490.659 390.588 13.9477 7.17309 0.89
506.408 390.588 17.7096 7.17309 count
525.919 390.588 15.5018 7.17309 PCU
541.416 388.656 7.65133 5.9776 −1

310.462 400.551 3.10037 7.17309 s
313.563 398.618 7.65133 5.9776 −1
323.317 400.551 33.6418 7.17309 interfering
358.561 400.551 20.802 7.17309 source
380.965 400.551 37.4116 7.17309 component.
419.978 400.551 16.8169 7.17309 Error
438.397 400.551 13.2782 7.17309 bars
453.277 400.551 14.7686 7.17309 have
469.648 400.551 15.0475 7.17309 been
486.298 400.551 30.0951 7.17309 increased
517.995 400.551 6.20074 7.17309 in
525.797 400.551 23.7429 7.17309 propor-

310.461 410.514 12.4015 7.17309 tion
324.999 410.514 6.20074 7.17309 to
333.327 410.514 9.73946 7.17309 the
345.203 410.514 32.7651 7.17309 collimator
380.096 410.514 34.3033 7.17309 correction.
416.527 410.514 29.6567 7.17309 Arbitrary
448.503 410.753 4.43138 6.83835 T
454.143 413.07 2.9888 5.37984 0
459.763 409.98 6.21668 7.9701 =
468.116 410.514 37.858 7.17309 MJD51905.
508.102 410.514 17.2712 7.17309 From
527.501 410.514 9.73946 7.17309 the
539.377 410.514 10.1858 7.17309 top

310.467 420.476 19.726 7.17309 down;
332.186 420.476 40.0896 7.17309 observations
374.268 420.476 5.97758 7.17309 1,
382.238 420.476 5.97758 7.17309 2,
390.208 420.476 5.97758 7.17309 4,
398.178 420.476 5.97758 7.17309 6,
406.148 420.476 5.97758 7.17309 7.

310.462 446.846 17.4396 8.06976 PCU
327.902 445.232 7.65133 5.9776 −1
338.277 446.846 3.48793 8.06976 s
341.765 445.232 7.65133 5.9776 −1
349.914 446.846 2.2416 8.06976 ,
354.38 446.846 21.9139 8.06976 which
378.517 446.846 5.98059 8.06976 is
386.721 446.846 35.8656 8.06976 consistent
424.811 446.846 15.9423 8.06976 with
442.977 446.846 10.9569 8.06976 the
456.157 446.846 14.947 8.06976 post
473.328 446.846 29.2125 8.06976 outburst
504.773 446.846 13.9517 8.06976 ﬂux
520.948 446.846 15.9333 8.06976 seen
539.105 446.846 10.4548 8.06976 for

310.462 457.803 17.9238 8.06976 three
330.43 457.803 41.9717 8.06976 consecutive
374.446 457.803 22.407 8.06976 weeks
398.898 457.803 16.4264 8.06976 after
417.369 457.803 10.9569 8.06976 the
430.37 457.803 12.9475 8.06976 end
445.362 457.803 7.46901 8.06976 of
454.875 457.803 10.9569 8.06976 the
467.876 457.803 32.2342 8.06976 observed
502.155 457.803 31.4541 8.06976 outburst.
535.653 457.803 13.9428 8.06976 Ob-

310.462 468.76 36.1346 8.06976 servations
349 468.76 44.832 8.06976 immediately
396.235 468.76 22.9002 8.06976 before
421.538 468.76 10.9569 8.06976 the
434.898 468.76 29.2125 8.06976 outburst
466.513 468.76 18.7039 8.06976 show
487.62 468.76 22.9092 8.06976 higher
512.932 468.76 21.2862 8.06976 ﬂuxes
536.622 468.76 12.9475 8.06976 and

310.462 479.717 36.3677 8.06976 pulsations
349.807 479.717 6.47374 8.06976 at
359.257 479.116 15.9602 8.9664 ∼46
378.194 479.717 3.48793 8.06976 s
384.659 479.717 12.9475 8.06976 and
400.592 479.116 20.4434 8.9664 ∼173
424.013 479.717 3.48793 8.06976 s
430.477 479.717 21.9139 8.06976 which
455.368 479.717 10.4548 8.06976 we
468.8 479.717 29.7057 8.06976 attribute
501.482 479.717 6.97586 8.06976 to
511.435 479.717 10.9569 8.06976 the
525.369 479.717 24.1824 8.06976 known

310.462 490.674 20.9096 8.06976 X-ray
334.474 490.674 25.4018 8.06976 pulsars
362.978 490.674 25.895 8.06976 1WGA
391.976 490.674 53.0721 8.06976 J0053.8−7226
448.15 490.674 23.9134 8.06976 (Singh
475.166 490.674 6.47374 8.06976 et
484.742 490.674 8.71534 8.06976 al.
496.56 490.674 20.9186 8.06976 1995)
520.581 490.674 12.9475 8.06976 and
536.631 490.674 12.9475 8.06976 AX

310.462 501.631 49.0543 8.06976 J0051.6-7311
361.515 501.631 40.521 8.06976 (Yokogawa
404.035 501.631 6.47284 8.06976 et
412.506 501.631 8.71355 8.06976 al.
423.218 501.631 23.1557 8.06976 2000).
448.373 501.631 14.2001 8.06976 Fig.
464.571 501.631 4.4832 8.06976 2
471.053 501.631 22.1883 8.06976 shows
495.24 501.631 10.9551 8.06976 the
508.194 501.631 19.4185 8.06976 mean
529.611 501.631 19.9198 8.06976 count

310.462 512.588 13.4406 8.06976 rate
326.907 512.588 7.46901 8.06976 as
337.379 512.588 3.98108 8.06976 a
344.364 512.588 29.885 8.06976 function
377.253 512.588 7.46901 8.06976 of
387.726 512.588 15.9423 8.06976 time
406.672 512.588 23.4113 8.06976 during
433.087 512.588 12.9564 8.06976 this
449.047 512.588 25.1508 8.06976 period.
477.201 512.588 12.3198 8.06976 For
492.525 512.588 8.9664 8.06976 all
504.495 512.588 45.101 8.06976 observations

310.462 523.545 30.163 8.06976 showing
342.938 523.545 15.6912 8.06976 4.78
360.943 523.545 3.48793 8.06976 s
366.744 523.545 36.3677 8.06976 pulsations
405.425 523.545 10.9569 8.06976 the
418.696 523.545 19.9233 8.06976 count
440.932 523.545 13.4406 8.06976 rate
456.686 523.545 11.9522 8.06976 has
470.952 523.545 16.9286 8.06976 been
490.194 523.545 33.355 8.06976 corrected
525.862 523.545 10.4548 8.06976 for
538.63 523.545 10.9569 8.06976 the

310.462 534.502 36.8609 8.06976 collimator
350.667 534.502 31.3734 8.06976 response
385.385 534.502 6.97586 8.06976 to
395.706 534.502 10.9569 8.06976 the
410.007 534.502 38.8604 8.06976 best-ﬁtting
452.212 534.502 28.8987 8.06976 position
484.455 534.502 12.9475 8.06976 and
500.747 534.502 10.9569 8.06976 the
515.048 534.502 11.208 8.06976 0.9
529.601 534.502 19.9233 8.06976 count

310.462 545.459 17.4396 8.06976 PCU
327.902 543.863 7.65133 5.9776 −1
338.553 545.476 3.48793 8.06976 s
342.041 543.863 7.65133 5.9776 −1
352.692 545.476 42.3304 8.06976 background
397.524 545.476 45.899 8.06976 contribution.
445.924 545.476 9.96167 8.06976 As
458.388 545.476 8.46428 8.06976 an
469.354 545.476 35.8656 8.06976 additional
507.721 545.476 31.8756 8.06976 indicator
542.098 545.476 7.46901 8.06976 of

310.46 556.433 10.9569 8.06976 the
322.843 556.433 29.2125 8.06976 outburst
353.481 556.433 25.6529 8.06976 proﬁle,
380.559 556.433 10.9569 8.06976 the
392.942 556.433 31.6514 8.06976 variation
426.019 556.433 6.97586 8.06976 in
434.421 556.433 40.3488 8.06976 pulsed-ﬂux
476.195 556.433 13.8531 8.06976 was
491.474 556.433 42.7966 8.06976 investigated
535.696 556.433 7.46901 8.06976 as
544.591 556.433 4.98532 8.06976 it

310.46 567.39 5.98059 8.06976 is
318.79 567.39 43.8278 8.06976 independent
364.967 567.39 7.46901 8.06976 of
374.785 567.39 44.3388 8.06976 assumptions
421.473 567.39 19.9233 8.06976 about
443.746 567.39 10.9569 8.06976 the
457.052 567.39 44.572 8.06976 background.
503.973 567.39 14.2028 8.06976 Fig.
520.525 567.39 4.4832 8.06976 3
527.357 567.39 22.1918 8.06976 shows

310.46 578.347 10.9569 8.06976 the
324.466 578.347 18.9281 8.06976 pulse
346.442 578.347 39.3535 8.06976 amplitudes
388.844 578.347 19.5647 8.06976 given
411.458 578.347 6.97586 8.06976 in
421.482 578.347 19.6992 8.06976 Table
444.23 578.347 4.4832 8.06976 2
451.762 578.347 22.9002 8.06976 before
477.71 578.347 12.9475 8.06976 and
493.706 578.347 16.4264 8.06976 after
513.181 578.347 36.3498 8.06976 correction

310.46 589.304 10.4548 8.06976 for
323.13 589.304 29.894 8.06976 pointing
355.238 589.304 20.1923 8.06976 offset
377.645 589.304 39.8467 8.06976 (collimator
419.707 589.304 36.6008 8.06976 response).
458.522 589.304 13.9428 8.06976 The
474.68 589.304 20.9096 8.06976 errors
497.804 589.304 6.97586 8.06976 in
506.995 589.304 18.426 8.06976 these
527.635 589.304 21.9228 8.06976 points

310.46 600.261 10.948 8.06976 are
323.856 600.261 37.8561 8.06976 dominated
364.151 600.261 8.9664 8.06976 by
375.565 600.261 10.9569 8.06976 the
388.97 600.261 42.7877 8.06976 propagation
434.205 600.261 7.46901 8.06976 of
444.122 600.261 20.9096 8.06976 errors
467.48 600.261 6.97586 8.06976 in
476.903 600.261 34.3592 8.06976 measured
513.71 600.261 35.8656 8.06976 amplitude

310.46 611.218 27.8945 8.06976 through
340.596 611.218 10.9569 8.06976 the
353.795 611.218 36.8609 8.06976 collimator
392.897 611.218 31.3734 8.06976 response
426.512 611.218 32.1266 8.06976 function.

319.426 622.175 22.407 8.06976 Upper
343.627 622.175 20.4344 8.06976 limits
365.854 622.175 17.4217 8.06976 were
385.069 622.175 34.3682 8.06976 estimated
421.231 622.175 8.9664 8.06976 on
431.991 622.175 10.9569 8.06976 the
444.741 622.175 13.9517 8.06976 ﬂux
460.486 622.175 17.4307 8.06976 from
479.71 622.175 17.4307 8.06976 XTE
498.934 622.175 41.8641 8.06976 J0052−723
542.591 622.175 6.97586 8.06976 in

310.46 633.132 10.9569 8.06976 the
323.901 633.132 41.6131 8.06976 observation
367.997 633.132 35.3545 8.06976 preceding
405.836 633.132 10.9569 8.06976 the
419.294 633.132 13.9517 8.06976 ﬁrst
435.73 633.132 32.8708 8.06976 detection
471.084 633.132 12.9475 8.06976 and
486.515 633.132 34.6462 8.06976 following
523.645 633.132 10.9569 8.06976 the
537.086 633.132 12.4543 8.06976 last

310.46 644.089 35.1124 8.06976 detection.
347.249 644.089 13.9428 8.06976 The
362.869 644.089 22.1829 8.06976 power
386.728 644.089 6.97586 8.06976 in
395.381 644.089 10.9569 8.06976 the
408.014 644.089 52.6328 8.06976 Lomb–Scargle
462.324 644.089 45.8183 8.06976 periodogram
509.819 644.089 6.47374 8.06976 at
517.969 644.089 10.9569 8.06976 the
530.603 644.089 18.9281 8.06976 pulse

310.46 655.046 22.9092 8.06976 period
336.893 655.046 6.97586 8.06976 in
347.402 655.046 18.426 8.06976 these
369.351 655.046 45.101 8.06976 observations
417.976 655.046 13.8531 8.06976 was
435.353 655.046 34.8614 8.06976 converted
473.747 655.046 13.9517 8.06976 into
491.223 655.046 18.9281 8.06976 pulse
513.675 655.046 35.8656 8.06976 amplitude

310.46 666.003 12.9475 8.06976 and
325.775 666.003 33.355 8.06976 corrected
361.497 666.003 10.4548 8.06976 for
374.319 666.003 36.8609 8.06976 collimator
413.547 666.003 33.615 8.06976 response,
449.529 666.003 22.694 8.06976 giving
474.59 666.003 22.685 8.06976 values
499.642 666.003 7.46901 8.06976 of
509.478 666.003 11.208 8.06976 0.2
523.053 666.003 12.9475 8.06976 and
538.368 666.003 11.208 8.06976 0.5

310.46 676.96 23.4113 8.06976 counts
337.216 676.96 17.4396 8.06976 PCU
358 676.96 3.48793 8.06976 s
361.491 675.369 7.65133 5.9776 −1
369.64 676.983 2.2416 8.06976 .
375.226 676.983 29.876 8.06976 Because
408.447 676.983 10.9569 8.06976 the
422.748 676.983 43.6484 8.06976 pre-outburst
469.741 676.983 41.6131 8.06976 observation
514.699 676.983 34.8614 8.06976 contained

310.462 687.94 18.426 8.06976 other
332.34 687.94 25.4018 8.06976 pulsars
361.194 687.94 14.4359 8.06976 (see
379.082 687.94 26.3702 8.06976 above),
408.904 687.94 10.9569 8.06976 the
423.313 687.94 20.4165 8.06976 upper
447.182 687.94 16.9465 8.06976 limit
467.58 687.94 13.8531 8.06976 was
484.885 687.94 14.4449 8.06976 also
502.782 687.94 34.3682 8.06976 estimated
540.603 687.94 8.9664 8.06976 by

310.462 698.897 37.4885 8.06976 alternative
351.394 698.897 25.1508 8.06976 means.
379.988 698.897 36.3677 8.06976 Simulated
419.789 698.897 14.938 8.06976 data
438.17 698.897 36.3677 8.06976 consisting
477.981 698.897 7.46901 8.06976 of
488.893 698.897 19.9233 8.06976 white
512.26 698.897 18.9281 8.06976 noise
534.631 698.897 14.947 8.06976 plus

310.462 709.854 3.98108 8.06976 a
317.187 709.854 29.3829 8.06976 periodic
349.305 709.854 40.8509 8.06976 modulation
392.89 709.854 17.4217 8.06976 were
413.056 709.854 29.885 8.06976 sampled
445.675 709.854 15.9423 8.06976 onto
464.361 709.854 10.9569 8.06976 the
478.062 709.854 28.6656 8.06976 window
509.471 709.854 29.885 8.06976 function
542.1 709.854 7.46901 8.06976 of

310.462 720.811 10.9569 8.06976 the
324.934 720.811 21.4118 8.06976 actual
349.86 720.811 41.6131 8.06976 observation
394.988 720.811 12.9475 8.06976 and
411.451 720.811 31.3734 8.06976 analysed
446.339 720.811 7.46901 8.06976 as
457.323 720.811 34.3592 8.06976 described
495.197 720.811 6.97586 8.06976 in
505.687 720.811 26.8992 8.06976 Section
536.102 720.811 13.4496 8.06976 2.4.

310.462 731.768 13.9428 8.06976 The
327.875 731.768 35.8477 8.06976 procedure
367.192 731.768 13.8531 8.06976 was
384.516 731.768 32.6108 8.06976 repeated,
420.596 731.768 49.3062 8.06976 incrementally
473.373 731.768 36.8519 8.06976 increasing
513.694 731.768 10.9569 8.06976 the
528.121 731.768 21.4207 8.06976 signal

48.6769 753.372 3.32253 4.48317 C
55.4186 752.384 15.9402 7.17309 2003
73.3513 752.384 17.4944 7.17309 RAS,
92.8382 752.384 28.3417 7.17309 MNRAS
123.172 752.439 13.9477 7.02166 339,
139.113 752.384 27.8954 7.17309 435–441

571.418 178.061 7.408 44.464 Downloaded
571.418 224.741 7.408 15.992 from
571.418 242.949 7.408 241.32 https://academic.oup.com/mnras/article-abstract/339/2/435/1005209
571.418 486.485 7.408 8.448 by
571.418 497.149 7.408 21.312 INRIA
571.418 520.677 7.408 15.56 user
571.418 538.453 7.408 8.896 on
571.418 549.565 7.408 8.896 31
571.418 560.677 7.408 28.44 October
571.418 591.333 7.408 17.792 2018

47.4565 39.1601 17.9328 10.7597 438

83.3221 39.5188 8.9664 10.2576 S.
95.2773 39.5188 39.5956 10.2576 Laycock
137.862 39.5188 8.63165 10.2576 et
149.482 39.5188 12.2899 10.2576 al.

47.4565 243.683 22.4358 7.02166 Figure
73.4868 243.683 5.97758 7.02166 2.
83.9914 243.627 71.2607 7.17309 Background-corrected
157.516 243.627 15.9402 7.17309 3–10
175.719 243.627 13.1985 7.17309 keV
191.181 243.627 17.7096 7.17309 count
211.154 243.627 11.9472 7.17309 rate
225.365 243.627 22.3482 7.17309 before,
249.977 243.627 22.8025 7.17309 during,
275.043 243.627 11.5088 7.17309 and

47.4565 253.59 14.6012 7.17309 after
63.9227 253.59 9.73946 7.17309 the
75.5272 253.59 27.9591 7.17309 outburst.
105.351 253.59 41.859 7.17309 Observations
149.075 253.59 33.6498 7.17309 containing
184.59 253.59 19.7021 7.17309 4.78-s
206.157 253.59 32.3267 7.17309 pulsations
240.349 253.59 14.7686 7.17309 have
256.982 253.59 15.0475 7.17309 been
273.895 253.59 12.6725 7.17309 cor-

47.4565 263.553 19.471 7.17309 rected
69.5656 263.553 9.29314 7.17309 for
81.4968 263.553 9.73946 7.17309 the
93.8744 263.553 32.7651 7.17309 collimator
129.278 263.553 27.8874 7.17309 response
159.803 263.553 6.20074 7.17309 to
168.642 263.553 15.4939 7.17309 XTE
186.774 263.553 39.2049 7.17309 J0052−723,
228.617 263.553 11.5088 7.17309 and
242.764 263.553 7.52377 7.17309 an
252.926 263.553 33.6418 7.17309 interfering

47.4565 273.515 20.802 7.17309 source
69.5416 273.515 35.4191 7.17309 component
106.244 273.515 31.8804 7.17309 consistent
139.408 273.515 14.1708 7.17309 with
154.862 273.515 9.73946 7.17309 the
165.892 273.515 11.0705 7.17309 last
178.254 273.515 15.9322 7.17309 three
195.485 273.515 12.4015 7.17309 ﬂux
209.178 273.515 20.1644 7.17309 values
230.625 273.515 22.6032 7.17309 shown.
254.52 273.515 32.0398 7.17309 Triangles:

47.4565 283.478 28.6525 7.17309 observed
78.1015 283.478 14.394 7.17309 ﬂux.
94.4881 283.478 22.0214 7.17309 Boxes:
118.502 283.478 32.3108 7.17309 calculated
152.805 283.478 15.4939 7.17309 XTE
170.292 283.478 37.2124 7.17309 J0052−723
209.497 283.478 12.4015 7.17309 ﬂux
223.891 283.478 14.1708 7.17309 with
240.054 283.478 15.4859 7.17309 error
257.532 283.478 15.2707 7.17309 bars.

47.4565 488.676 22.4358 7.02166 Figure
75.041 488.676 5.97758 7.02166 3.
88.6619 488.62 17.2712 7.17309 Pulse
109.751 488.62 31.8804 7.17309 amplitude
145.449 488.62 20.8099 7.17309 during
170.076 488.62 9.73946 7.17309 the
183.634 488.62 27.9591 7.17309 outburst.
215.41 488.62 32.0398 7.17309 Triangles:
251.268 488.62 35.2597 7.17309 collimator-

47.4565 498.582 31.6413 7.17309 corrected.
81.0903 498.582 22.0214 7.17309 Boxes:
105.104 498.582 11.8276 7.17309 raw
118.924 498.582 15.2707 7.17309 data.

47.4565 522.893 35.8656 8.06976 amplitude
85.7699 522.893 16.4444 8.06976 until
104.662 522.893 28.0379 8.06976 positive
135.148 522.893 32.8708 8.06976 detection
170.467 522.893 33.6061 8.06976 occurred.
206.52 522.893 15.6284 8.06976 Two
224.597 522.893 30.6472 8.06976 different
257.692 522.893 18.9281 8.06976 types
279.068 522.893 7.46901 8.06976 of

47.4565 533.85 40.8428 8.06976 modulation
91.2843 533.85 17.419 8.06976 were
111.688 533.85 38.8344 8.06976 considered
153.507 533.85 6.97496 8.06976 in
163.467 533.85 18.9155 8.06976 order
185.368 533.85 6.97496 8.06976 to
195.328 533.85 38.3493 8.06976 investigate
236.662 533.85 12.8112 8.06976 any
252.458 533.85 23.6659 8.06976 effects
279.109 533.85 7.46811 8.06976 of

47.4565 544.807 18.9281 8.06976 pulse
69.9891 544.807 23.4113 8.06976 proﬁle
97.0048 544.807 8.9664 8.06976 on
109.576 544.807 38.3045 8.06976 sensitivity.
151.485 544.807 13.9428 8.06976 The
169.032 544.807 20.4165 8.06976 upper
193.053 544.807 16.9465 8.06976 limit
213.604 544.807 10.4548 8.06976 for
227.663 544.807 3.98108 8.06976 a
235.249 544.807 32.7363 8.06976 sinewave
271.59 544.807 14.947 8.06976 plus

47.4565 555.764 19.9233 8.06976 white
69.5945 555.764 18.9281 8.06976 noise
90.7373 555.764 13.8531 8.06976 was
106.796 555.163 18.2018 8.9664 ∼0.1
127.213 555.764 19.9233 8.06976 count
149.351 555.764 17.4396 8.06976 PCU
166.789 554.156 7.65133 5.9776 −1
177.152 555.77 3.48793 8.06976 s
180.64 554.156 7.65133 5.9776 −1
191.002 555.77 23.4113 8.06976 pulsed
216.628 555.77 38.1072 8.06976 amplitude,
256.95 555.77 20.4255 8.06976 rising
279.59 555.77 6.97586 8.06976 to

47.4591 566.126 18.2018 8.9664 ∼0.3
67.768 566.727 19.9233 8.06976 count
89.7984 566.727 17.4396 8.06976 PCU
107.235 565.115 7.65133 5.9776 −1
117.492 566.729 3.48793 8.06976 s
120.98 565.115 7.65133 5.9776 −1
131.235 566.729 10.4548 8.06976 for
143.797 566.729 3.98108 8.06976 a
149.885 566.729 30.8803 8.06976 template
182.873 566.729 26.5316 8.06976 derived
211.511 566.729 17.4307 8.06976 from
231.049 566.729 10.9569 8.06976 the
244.113 566.729 21.4118 8.06976 actual
267.632 566.729 18.9281 8.06976 pulse

47.4533 577.686 23.4113 8.06976 proﬁle
73.1061 577.686 15.9333 8.06976 seen
91.281 577.686 6.97586 8.06976 in
100.498 577.686 41.6131 8.06976 observation
144.353 577.686 4.4832 8.06976 6
151.078 577.686 14.4359 8.06976 (see
167.755 577.686 14.2028 8.06976 Fig.
184.2 577.686 9.71061 8.06976 1).

47.4533 605.813 11.208 7.8994 2.5
63.1445 605.813 18.426 7.8994 PCA
83.812 605.813 22.407 7.8994 X-ray
108.461 605.813 35.8566 7.8994 spectrum

47.4533 622.186 13.9428 8.06976 The
64.2204 622.186 20.9096 8.06976 X-ray
87.9545 622.186 32.8708 8.06976 spectrum
123.65 622.186 7.46901 8.06976 of
133.943 622.186 17.4307 8.06976 XTE
154.198 622.186 41.8641 8.06976 J0052−723
198.887 622.186 17.1886 8.06976 (Fig.
218.9 622.186 7.46901 8.06976 4)
229.193 622.186 13.8531 8.06976 was
245.871 622.186 30.8803 8.06976 obtained
279.575 622.186 6.97586 8.06976 in

47.4533 633.143 41.6131 8.06976 observation
90.8596 633.143 4.4832 8.06976 6
97.1361 633.143 15.9423 8.06976 with
114.872 633.143 10.9569 8.06976 the
127.622 633.143 17.4396 8.06976 PCA
146.855 633.143 29.894 8.06976 pointing
178.542 633.143 27.3924 8.06976 directly
207.728 633.143 6.47374 8.06976 at
215.995 633.143 10.9569 8.06976 the
228.745 633.143 24.8818 8.06976 best-ﬁt
255.42 633.143 31.1403 8.06976 position.

47.4533 644.1 11.4591 8.06976 All
61.8443 644.1 13.3151 8.06976 ﬁve
78.0914 644.1 20.9276 8.06976 PCUs
101.951 644.1 17.4217 8.06976 were
122.305 644.1 8.9664 8.06976 on
134.203 644.1 23.4113 8.06976 during
160.546 644.1 10.9569 8.06976 the
174.462 644.1 13.9517 8.06976 ﬁrst
191.346 644.1 11.208 8.06976 2.5
205.486 644.1 7.97113 8.06976 ks
216.389 644.1 7.46901 8.06976 of
226.79 644.1 12.9564 8.06976 this
242.679 644.1 43.8547 8.06976 observation,

47.4533 655.057 10.9569 8.06976 the
61.4319 655.057 32.8708 8.06976 spectrum
97.3244 655.057 13.8531 8.06976 was
114.199 655.057 32.7274 8.06976 extracted
149.948 655.057 17.4307 8.06976 from
170.401 655.057 10.9569 8.06976 the
184.379 655.057 19.9233 8.06976 Good
207.324 655.057 41.8283 8.06976 Xenon-data
252.165 655.057 10.4548 8.06976 for
265.642 655.057 20.9276 8.06976 PCUs

47.4533 666.014 15.6912 8.06976 1–4,
66.2558 666.014 21.9228 8.06976 PCU0
91.29 666.014 13.8531 8.06976 was
108.254 666.014 32.2342 8.06976 excluded
143.6 666.014 14.4359 8.06976 (see
161.147 666.014 26.8992 8.06976 Section
191.158 666.014 16.4354 8.06976 2.2).
210.705 666.014 43.8278 8.06976 Background
257.644 666.014 28.8808 8.06976 subtrac-

47.4533 676.971 13.9517 8.06976 tion
64.588 676.971 13.8531 8.06976 was
81.6242 676.971 37.3451 8.06976 performed
122.152 676.971 15.9423 8.06976 with
141.278 676.971 10.9569 8.06976 the
155.418 676.971 9.96167 8.06976 L7
168.562 676.971 22.416 8.06976 model
194.161 676.971 10.4548 8.06976 for
207.799 676.971 16.3457 8.06976 faint
227.328 676.971 29.1318 8.06976 sources.
259.643 676.971 26.8902 8.06976 Spectra

47.4533 687.928 17.4217 8.06976 were
66.8117 687.928 11.4591 8.06976 not
80.2075 687.928 32.7274 8.06976 extracted
114.872 687.928 10.4548 8.06976 for
127.263 687.928 10.9569 8.06976 the
140.157 687.928 18.426 8.06976 other
160.52 687.928 26.8992 8.06976 pointed
189.356 687.928 45.101 8.06976 observations
236.393 687.928 6.97586 8.06976 in
245.306 687.928 21.9139 8.06976 which
269.156 687.928 17.4307 8.06976 XTE

47.4533 698.885 41.8641 8.06976 J0052−723
91.8907 698.885 13.8531 8.06976 was
108.326 698.284 6.99379 8.9664 ∼
118.369 698.885 6.94896 8.06976 0.
122.329 697.287 2.9888 5.9776 ◦
125.816 698.901 4.4832 8.06976 8
132.872 698.901 29.9029 8.06976 off-axis.
165.348 698.901 9.45955 8.06976 Of
177.381 698.901 10.9569 8.06976 the
190.912 698.901 27.8855 8.06976 spectral
221.371 698.901 25.9039 8.06976 models
249.848 698.901 23.1602 8.06976 tested,
275.581 698.901 10.9569 8.06976 the

47.4582 709.858 32.8708 8.06976 spectrum
83.0548 709.858 13.8531 8.06976 was
99.6337 709.858 15.4401 8.06976 well
117.809 709.858 18.4349 8.06976 ﬁtted
138.969 709.858 8.9664 8.06976 by
150.661 709.858 3.98108 8.06976 a
157.368 709.858 22.1829 8.06976 power
182.277 709.858 12.813 8.06976 law
197.816 709.858 15.9423 8.06976 with
216.484 709.858 43.1642 8.06976 high-energy
262.374 709.858 24.1734 8.06976 cut-off

47.4582 720.815 8.10563 8.06976 (α
58.2807 720.214 6.99379 8.9664 =
67.6326 720.815 17.9328 8.06976 1.77,
88.5423 721.084 5.47847 7.69317 E
94.8239 724.205 7.30582 5.37984 cut
104.984 720.218 6.99379 8.9664 =
114.336 720.819 8.9664 8.06976 14
125.66 720.819 15.9333 8.06976 keV,
144.57 721.088 5.47847 7.69317 E
150.854 724.205 9.62991 5.37984 fold
163.34 720.218 6.99379 8.9664 =
172.692 720.819 8.9664 8.06976 16
184.016 720.819 15.9333 8.06976 keV,
202.308 721.088 4.4832 7.69317 n
207.192 724.205 4.31583 5.37984 H
214.364 720.218 6.99379 8.9664 =
223.716 720.819 11.208 8.06976 3.6
237.282 720.218 7.02966 8.9664 ×
246.67 720.819 8.9664 8.06976 10
255.634 719.606 5.9782 5.37984 22
264.468 720.819 10.9569 8.06976 cm
275.425 719.205 7.65133 5.9776 −2
283.574 720.819 2.98581 8.06976 )

47.4528 731.776 12.9475 8.06976 and
63.1799 731.776 8.9664 8.06976 by
74.9259 731.776 55.2868 8.06976 bremsstrahlung
132.992 731.776 12.9475 8.06976 (kT
148.728 731.175 6.99379 8.9664 =
158.502 731.776 20.1744 8.06976 19.47
181.456 731.776 15.9333 8.06976 keV,
200.178 732.045 4.4832 7.69317 n
205.068 735.164 4.31583 5.37984 H
212.665 731.177 6.99379 8.9664 =
222.438 731.778 11.208 8.06976 2.1
236.426 731.177 7.02966 8.9664 ×
246.235 731.778 8.9664 8.06976 10
255.209 730.564 5.9782 5.37984 22
264.468 731.778 10.9569 8.06976 cm
275.425 730.164 7.65133 5.9776 −2
283.574 731.778 2.98581 8.06976 )

310.47 238.683 22.4358 7.02166 Figure
337.417 238.683 5.97758 7.02166 4.
349.771 238.627 15.5018 7.17309 PCA
368.461 238.627 29.2184 7.17309 spectrum
400.867 238.627 9.29314 7.17309 for
413.348 238.627 36.9892 7.17309 observation
453.526 238.627 5.97758 7.17309 6.
462.691 238.627 22.5793 7.17309 Details
488.458 238.627 6.63909 7.17309 of
498.286 238.627 9.73946 7.17309 the
511.213 238.627 38.3681 7.17309 high-energy

310.47 248.59 21.4874 7.17309 cut-off
333.95 248.59 33.6019 7.17309 power-law
369.545 248.59 19.9252 7.17309 model
391.462 248.59 9.73149 7.17309 are
403.186 248.59 17.3908 7.17309 given
422.57 248.59 6.20074 7.17309 in
430.763 248.59 23.9103 7.17309 Section
456.666 248.59 11.9552 7.17309 2.5.

310.47 278.477 5.27224 8.9664 χ
316.639 277.864 2.9888 5.37984 2

316.639 283.13 2.82143 5.9776 ν
320.317 279.077 23.9044 8.06976 (DOF)
345.549 279.077 10.4548 8.06976 for
357.33 279.077 10.9569 8.06976 the
369.623 279.077 13.3599 8.06976 two
384.319 279.077 25.9039 8.06976 models
411.559 279.077 13.8531 8.06976 was
426.739 279.077 30.6292 8.06976 1.13(38)
458.705 279.077 12.9475 8.06976 and
472.979 279.077 30.6292 8.06976 0.92(40)
504.944 279.077 44.6258 8.06976 respectively.

310.472 290.034 6.47374 8.06976 A
319.23 290.034 23.8999 8.06976 simple
345.413 290.034 32.3499 8.06976 absorbed
380.047 290.034 22.1721 8.06976 power
404.503 290.034 12.8076 8.06976 law
419.594 290.034 22.4052 8.06976 model
444.283 290.034 16.6067 8.06976 gave
463.173 290.034 3.98108 8.06976 a
469.438 290.034 44.3917 8.06976 signiﬁcantly
516.116 290.034 21.3221 8.06976 worse
539.725 289.434 5.27224 8.9664 χ
545.895 288.823 2.9888 5.37984 2

545.895 294.089 2.82143 5.9776 ν

310.47 300.995 12.9475 8.06976 and
327.085 300.995 24.6307 8.06976 proved
355.383 300.995 3.98108 8.06976 a
363.031 300.995 16.4354 8.06976 poor
383.134 300.995 50.7947 8.06976 representation
437.596 300.995 7.46901 8.06976 of
448.732 300.995 10.9569 8.06976 the
463.356 300.995 15.9423 8.06976 high
482.966 300.995 24.2362 8.06976 energy
510.869 300.995 12.9475 8.06976 end
527.484 300.995 7.46901 8.06976 of
538.62 300.995 10.9569 8.06976 the

310.47 311.952 35.1124 8.06976 spectrum,
347.995 311.952 51.3057 8.06976 demonstrating
401.712 311.952 10.9569 8.06976 the
415.081 311.952 10.9569 8.06976 the
428.45 311.952 33.2295 8.06976 existence
464.092 311.952 7.46901 8.06976 of
473.973 311.952 3.98108 8.06976 a
480.366 311.952 15.9423 8.06976 high
498.72 311.952 24.2362 8.06976 energy
525.368 311.952 24.1734 8.06976 cut-off

310.47 322.909 21.1428 8.06976 above
333.46 322.909 19.9233 8.06976 about
355.23 322.909 8.9664 8.06976 15
366.044 322.909 15.9333 8.06976 keV.
383.824 322.909 6.47374 8.06976 A
392.145 322.909 37.354 8.06976 blackbody
431.346 322.909 22.416 8.06976 model
455.609 322.909 13.8531 8.06976 was
471.309 322.909 11.4591 8.06976 not
484.616 322.909 14.938 8.06976 able
501.401 322.909 6.97586 8.06976 to
510.26 322.909 7.47798 8.06976 ﬁt
519.585 322.909 10.9569 8.06976 the
532.389 322.909 17.1796 8.06976 data.

310.47 333.866 13.9428 8.06976 The
327.713 333.866 35.8746 8.06976 suitability
366.887 333.866 7.46901 8.06976 of
377.655 333.866 10.9569 8.06976 the
391.912 333.866 24.1734 8.06976 cut-off
419.385 333.866 37.8023 8.06976 power-law
460.487 333.866 22.416 8.06976 model
486.203 333.866 10.4548 8.06976 for
499.957 333.866 20.9096 8.06976 X-ray
524.166 333.866 25.4018 8.06976 pulsars

310.47 344.823 11.9522 8.06976 has
325.193 344.823 16.9286 8.06976 been
344.892 344.823 34.3682 8.06976 discussed
382.031 344.823 8.9664 8.06976 by
393.768 344.823 12.9475 8.06976 e.g.
409.486 344.823 24.1555 8.06976 White,
436.412 344.823 24.3169 8.06976 Swank
463.5 344.823 6.97586 8.06976 &
473.246 344.823 15.9423 8.06976 Holt
491.959 344.823 26.146 8.06976 (1983).
520.876 344.823 13.9428 8.06976 The
537.589 344.823 11.9522 8.06976 un-

310.47 355.78 32.3687 8.06976 absorbed
344.964 355.78 38.3672 8.06976 luminosity
385.456 355.78 27.1592 8.06976 (cut-off
414.74 355.78 22.1829 8.06976 power
439.048 355.78 15.7988 8.06976 law)
456.972 355.78 7.46901 8.06976 of
466.566 355.78 17.4307 8.06976 XTE
486.122 355.78 41.891 8.06976 J0052−723
530.138 355.78 19.4302 8.06976 using

311.152 367.006 6.47374 7.69317 D
318.002 370.135 12.6259 5.37984 SMC
333.667 366.148 6.99379 8.9664 =
343.207 366.749 8.9664 8.06976 63
354.72 366.749 12.9475 8.06976 kpc
370.205 366.749 52.4176 8.06976 (Groenewegen
425.16 366.749 20.9186 8.06976 2000)
448.625 366.749 13.8531 8.06976 was
465.025 366.749 20.9186 8.06976 found
488.481 366.749 6.97586 8.06976 to
497.994 366.749 8.46428 8.06976 be
509.516 367.018 4.98532 7.69317 L
515.194 370.135 13.4502 5.37984 2–10
529.638 370.135 9.9001 5.37984 keV
542.58 366.148 6.99379 8.9664 =

310.467 377.706 11.208 8.06976 5.3
324.221 377.105 7.02966 8.9664 ×
333.797 377.706 8.9664 8.06976 10
342.762 376.494 5.9782 5.37984 37
351.782 377.708 11.2887 8.06976 erg
365.617 377.708 3.48793 8.06976 s
369.102 376.094 7.65133 5.9776 −1
377.252 377.708 2.2416 8.06976 ,
382.542 377.977 4.98532 7.69317 L
388.225 381.094 16.4389 5.37984 10–20
405.656 381.094 9.9001 5.37984 keV
418.6 377.107 6.99379 8.9664 =
428.14 377.708 11.208 8.06976 2.9
441.894 377.107 7.02966 8.9664 ×
451.471 377.708 8.9664 8.06976 10
460.43 376.494 5.9782 5.37984 37
469.449 377.708 11.2887 8.06976 erg
483.284 377.708 3.48793 8.06976 s
486.77 376.094 7.65133 5.9776 −1
494.919 377.708 2.2416 8.06976 .
499.708 377.708 36.3677 8.06976 Assuming
538.622 377.708 10.9569 8.06976 the

310.472 388.665 27.8855 8.06976 fraction
341.899 388.665 40.6626 8.06976 attributable
386.103 388.665 6.97586 8.06976 to
396.621 388.665 18.426 8.06976 other
418.589 388.665 26.8902 8.06976 sources
449.02 388.665 14.4359 8.06976 (see
466.998 388.665 26.8992 8.06976 Section
497.439 388.665 14.1938 8.06976 2.4)
515.175 388.665 5.98059 8.06976 is
524.697 388.665 24.8997 8.06976 around

310.472 399.622 8.9664 8.06976 12
321.5 399.622 11.4501 8.06976 per
335.013 399.622 14.938 8.06976 cent
352.013 399.622 14.1938 8.06976 (0.9
368.269 399.622 23.4113 8.06976 counts
393.743 399.622 6.97586 8.06976 in
402.781 399.622 15.6912 8.06976 7.52
420.534 399.622 10.4548 8.06976 for
433.051 399.622 12.9564 8.06976 this
448.07 399.622 44.5989 8.06976 observation)
494.731 399.622 18.426 8.06976 these
515.219 399.622 34.3772 8.06976 luminosi-

310.472 410.578 12.4543 8.06976 ties
325.042 410.578 17.9238 8.06976 scale
345.082 410.578 19.6992 8.06976 down
366.897 410.578 6.97586 8.06976 to
375.989 410.578 11.208 8.06976 4.7
389.313 410.578 12.9475 8.06976 and
404.377 410.578 11.208 8.06976 2.3
417.701 410.578 10.4548 8.06976 for
430.272 410.578 3.98108 8.06976 a
436.369 410.578 15.9423 8.06976 total
454.463 410.847 4.98532 7.69317 L
459.476 414.15 3.65231 5.12878 X
466.01 409.984 6.99379 8.9664 =
475.12 410.584 4.4832 8.06976 7
481.719 409.984 7.02966 8.9664 ×
490.865 410.584 8.9664 8.06976 10
499.842 409.371 5.9782 5.37984 37
508.438 410.584 11.2887 8.06976 erg
521.843 410.584 3.48793 8.06976 s
525.335 408.97 7.65133 5.9776 −1
533.484 410.584 2.2416 8.06976 .
537.845 410.584 11.7316 8.06976 We

310.472 421.541 15.4401 8.06976 note
328.001 421.541 13.4496 8.06976 that
343.54 421.541 10.9569 8.06976 the
356.586 421.541 39.3356 8.06976 parameters
398.002 421.541 30.8803 8.06976 obtained
430.971 421.541 10.4548 8.06976 for
443.515 421.541 10.9569 8.06976 the
456.561 421.541 15.9423 8.06976 high
474.593 421.541 24.2362 8.06976 energy
500.918 421.541 24.1734 8.06976 cut-off
527.181 421.541 22.416 8.06976 model

310.472 432.498 17.4217 8.06976 were
329.965 432.498 30.8803 8.06976 obtained
362.916 432.498 8.9664 8.06976 by
373.954 432.498 26.8992 8.06976 starting
402.924 432.498 10.9569 8.06976 the
415.943 432.498 21.4297 8.06976 ﬁtting
439.444 432.498 26.8902 8.06976 process
468.406 432.498 6.47374 8.06976 at
476.951 432.498 38.3403 8.06976 reasonable
517.362 432.498 22.685 8.06976 values
542.119 432.498 7.46901 8.06976 as

310.472 443.455 19.5647 8.06976 given
331.812 443.455 8.9664 8.06976 by
342.553 443.455 21.9139 8.06976 White
366.243 443.455 6.47374 8.06976 et
374.492 443.455 8.71534 8.06976 al.
384.982 443.455 26.146 8.06976 (1983).
412.904 443.455 5.97162 8.06976 If
420.651 443.455 25.4018 8.06976 instead
447.828 443.455 8.9664 8.06976 no
458.57 443.455 3.98108 8.06976 a
464.326 443.455 19.9233 8.06976 priori
486.025 443.455 44.3388 8.06976 assumptions
532.139 443.455 17.4217 8.06976 were

310.472 454.412 21.6628 8.06976 made,
334.878 454.412 12.9475 8.06976 and
350.56 454.412 8.9664 8.06976 all
362.27 454.412 39.3356 8.06976 parameters
404.341 454.412 9.96167 8.06976 set
417.046 454.412 6.97586 8.06976 to
426.757 454.412 20.0937 8.06976 unity,
449.594 454.412 10.9569 8.06976 the
463.295 454.412 7.47798 8.06976 ﬁt
473.517 454.412 36.6905 8.06976 converged
512.942 454.412 6.97586 8.06976 to
522.661 454.412 3.98108 8.06976 a
529.386 454.412 20.1923 8.06976 lower

310.472 464.768 5.27224 8.9664 χ
316.639 464.165 2.9888 5.37984 2

316.639 469.432 2.82143 5.9776 ν
322.139 465.379 11.2797 8.06976 but
335.239 465.379 15.9423 8.06976 with
353.002 465.379 3.98108 8.06976 a
358.803 465.379 24.1734 8.06976 cut-off
384.797 465.379 24.2362 8.06976 energy
410.853 465.379 21.9139 8.06976 which
434.587 465.379 5.98059 8.06976 is
442.388 465.379 34.8703 8.06976 unusually
479.078 465.379 13.2254 8.06976 low
494.124 465.379 10.4548 8.06976 for
506.399 465.379 8.46428 8.06976 an
516.683 465.379 32.8619 8.06976 accreting

310.474 476.336 21.9139 8.06976 pulsar
335.221 476.336 9.08296 8.06976 (E
345.106 479.724 7.30582 5.37984 cut
355.74 475.737 6.99379 8.9664 =
365.568 476.338 11.208 8.06976 6.4
379.609 476.338 15.9333 8.06976 keV,
398.994 476.607 5.47847 7.69317 E
405.276 479.724 9.62991 5.37984 fold
418.236 475.737 6.99379 8.9664 =
428.063 476.338 8.9664 8.06976 27
439.863 476.338 20.0758 8.06976 keV).
462.772 476.338 13.9428 8.06976 The
479.548 476.338 19.1971 8.06976 value
501.579 476.338 7.46901 8.06976 of
511.881 476.338 11.208 8.06976 6.4
525.923 476.338 14.8484 8.06976 keV
543.604 476.338 5.98059 8.06976 is

310.469 487.295 29.3919 8.06976 strongly
341.636 487.295 37.4975 8.06976 suggestive
380.909 487.295 7.46901 8.06976 of
390.153 487.295 10.9569 8.06976 the
402.886 487.295 31.3645 8.06976 presence
436.025 487.295 7.46901 8.06976 of
445.27 487.295 8.46428 8.06976 an
455.509 487.295 14.4449 8.06976 iron
471.73 487.295 6.47374 8.06976 K
479.979 487.295 13.4496 8.06976 line
495.204 487.295 21.9139 8.06976 which
518.893 487.295 11.9522 8.06976 has
532.62 487.295 16.9286 8.06976 been

310.469 498.252 32.2279 8.06976 observed
345.485 498.252 6.97496 8.06976 in
355.247 498.252 19.7862 8.06976 many
377.821 498.252 25.3964 8.06976 pulsars
406.005 498.252 26.3836 8.06976 Nagase
435.176 498.252 26.1406 8.06976 (1989).
464.105 498.252 15.9396 8.06976 This
482.832 498.252 37.363 8.06976 possibility
522.982 498.252 13.8513 8.06976 was
539.621 498.252 9.95988 8.06976 in-

310.469 509.209 36.2162 8.06976 vestigated
348.971 509.209 8.9655 8.06976 by
360.222 509.209 24.4021 8.06976 adding
386.909 509.209 3.98108 8.06976 a
393.176 509.209 32.8645 8.06976 Gaussian
428.326 509.209 39.8395 8.06976 component
470.451 509.209 6.97496 8.06976 to
479.712 509.209 10.9551 8.06976 the
492.952 509.209 24.6531 8.06976 model.
519.891 509.209 13.941 8.06976 The
536.117 509.209 13.4469 8.06976 line

310.469 520.166 24.2362 8.06976 energy
336.552 520.166 13.8531 8.06976 was
352.252 520.166 9.96167 8.06976 set
364.061 520.166 27.9034 8.06976 initially
393.812 520.166 6.47374 8.06976 at
402.132 520.166 11.208 8.06976 6.4
415.188 520.166 14.8484 8.06976 keV
431.883 520.166 11.2797 8.06976 but
445.01 520.166 13.8531 8.06976 was
460.755 520.166 18.4349 8.06976 ﬁtted
481.037 520.166 7.46901 8.06976 as
490.353 520.166 3.98108 8.06976 a
496.181 520.166 13.9338 8.06976 free
511.962 520.166 37.5961 8.06976 parameter.

310.469 531.122 43.3436 8.06976 (Best-ﬁtting
356.753 531.122 13.4496 8.06976 line
373.144 531.122 24.2362 8.06976 energy
400.321 531.122 20.1744 8.06976 6.399
423.437 530.522 6.99379 8.9664 ±
433.371 531.122 15.6912 8.06976 0.22
452.004 531.122 17.09 8.06976 keV,
472.034 531.122 20.4255 8.06976 width
495.401 531.122 11.208 8.06976 1.4
509.55 530.522 6.99379 8.9664 ±
519.485 531.122 11.208 8.06976 0.8
533.634 531.122 15.9333 8.06976 keV,

310.46 542.079 13.9428 8.06976 EW
326.994 541.479 6.99379 8.9664 =
336.579 542.079 13.4496 8.06976 281
352.62 542.079 15.6822 8.06976 eV.)
370.894 542.079 15.9423 8.06976 This
389.427 542.079 7.47798 8.06976 ﬁt
399.496 542.079 16.5699 8.06976 gave
418.658 542.079 39.3356 8.06976 parameters
460.584 542.079 35.8656 8.06976 consistent
499.041 542.079 15.9423 8.06976 with
517.575 542.079 11.9522 8.06976 our
532.118 542.079 17.4307 8.06976 orig-

310.451 553.036 13.4496 8.06976 inal
327.12 553.036 19.9233 8.06976 result
350.271 553.036 8.10563 8.06976 (α
361.963 552.436 6.99379 8.9664 =
372.185 553.036 15.6912 8.06976 1.77
391.104 552.436 6.99379 8.9664 ±
401.325 553.036 17.9328 8.06976 0.08,
423.105 553.305 5.47847 7.69317 E
429.394 556.436 7.30582 5.37984 cut
440.421 552.449 6.99379 8.9664 =
450.643 553.05 8.9664 8.06976 15
462.837 552.449 6.99379 8.9664 ±
473.059 553.05 4.4832 8.06976 1
480.77 553.05 15.9333 8.06976 keV,
500.541 553.319 5.47847 7.69317 E
506.818 556.436 9.62991 5.37984 fold
520.171 552.449 6.99379 8.9664 =
530.392 553.05 8.9664 8.06976 12
542.587 552.449 6.99379 8.9664 ±

310.474 564.007 4.4832 8.06976 6
318.203 564.007 15.9333 8.06976 keV,
335.893 564.276 4.4832 7.69317 n
340.773 567.395 4.31583 5.37984 H
347.339 563.408 6.99379 8.9664 =
356.081 564.009 11.208 8.06976 2.5
369.038 563.408 6.99379 8.9664 ±
377.78 564.009 11.208 8.06976 0.8
390.736 563.408 7.02966 8.9664 ×
399.514 564.009 8.9664 8.06976 10
408.501 562.796 5.9782 5.37984 22
416.729 564.009 10.9569 8.06976 cm
427.686 562.395 7.65133 5.9776 −2
435.835 564.009 2.98581 8.06976 )
440.578 564.009 12.9475 8.06976 and
455.274 564.009 5.98059 8.06976 is
463.003 564.009 3.98108 8.06976 a
468.733 564.009 19.9323 8.06976 slight
490.414 564.009 47.5488 8.06976 improvement
539.729 563.408 5.27224 8.9664 χ
545.895 562.796 2.9888 5.37984 2

545.895 568.062 2.82143 5.9776 ν

310.47 574.968 23.9044 8.06976 (DOF)
335.872 574.367 6.99379 8.9664 =
344.363 574.968 15.6912 8.06976 0.75
362.655 574.968 17.1796 8.06976 (35).
382.435 574.968 13.9428 8.06976 The
398.978 574.968 18.937 8.06976 SMC
420.515 574.968 42.3304 8.06976 background
465.445 574.968 43.6574 8.06976 contribution
511.703 574.968 37.8561 8.06976 mentioned

310.479 585.925 21.1428 8.06976 above
333.864 585.925 15.4401 8.06976 may
351.545 585.925 14.4449 8.06976 also
368.232 585.925 36.1794 8.06976 contribute
406.653 585.925 6.97586 8.06976 to
415.87 585.925 43.8278 8.06976 peculiarities
461.94 585.925 6.97586 8.06976 in
471.157 585.925 10.9569 8.06976 the
484.356 585.925 27.8855 8.06976 spectral
514.483 585.925 23.6713 8.06976 ﬁtting.

310.479 616.769 4.4832 7.8994 3
320.611 616.769 6.97586 7.8994 O
328.753 616.769 5.47847 7.8994 P
335.397 616.769 5.98059 7.8994 T
342.543 616.769 3.48793 7.8994 I
347.197 616.769 6.47374 7.8994 C
354.836 616.769 6.47374 7.8994 A
362.475 616.769 5.98059 7.8994 L
373.029 616.769 6.97586 7.8994 O
381.17 616.769 5.98059 7.8994 B
388.316 616.769 4.98532 7.8994 S
394.467 616.769 5.98059 7.8994 E
401.614 616.769 26.3433 7.8994 RVAT
429.123 616.769 3.48793 7.8994 I
433.776 616.769 6.97586 7.8994 O
441.918 616.769 6.47374 7.8994 N
449.557 616.769 4.98532 7.8994 S

310.479 638.683 11.208 7.8994 3.1
326.17 638.683 45.3162 7.8994 Photometry

310.479 655.056 7.46901 8.06976 In
319.347 655.056 18.9191 8.06976 order
339.665 655.056 6.97586 8.06976 to
348.039 655.056 9.96167 8.06976 try
359.4 655.056 12.9475 8.06976 and
373.746 655.056 27.8945 8.06976 identify
403.039 655.056 10.9569 8.06976 the
415.395 655.056 43.0746 8.06976 counterpart,
459.868 655.056 24.4065 8.06976 optical
485.674 655.056 45.101 8.06976 observations
532.173 655.056 17.4217 8.06976 were

310.479 666.013 19.4212 8.06976 made
331.559 666.013 6.47374 8.06976 at
339.692 666.013 23.9134 8.06976 SAAO
365.264 666.013 15.9423 8.06976 with
382.865 666.013 10.9569 8.06976 the
395.481 666.013 14.4449 8.06976 1-m
411.584 666.013 33.364 8.06976 telescope
446.607 666.013 8.9664 8.06976 on
457.232 666.013 17.9328 8.06976 2001
476.824 666.013 27.8855 8.06976 January
506.368 666.013 8.9664 8.06976 16
516.993 666.013 19.9233 8.06976 while
538.575 666.013 10.9569 8.06976 the

310.479 676.97 20.9096 8.06976 X-ray
333.532 676.97 21.9139 8.06976 pulsar
357.589 676.97 13.8531 8.06976 was
373.585 676.97 6.97586 8.06976 in
382.704 676.97 31.4541 8.06976 outburst.
416.301 676.97 13.9428 8.06976 The
432.386 676.97 20.4255 8.06976 STE4
454.955 676.97 18.4349 8.06976 CCD
475.533 676.97 15.4401 8.06976 chip
493.116 676.97 13.8531 8.06976 was
509.112 676.97 16.4354 8.06976 used
527.69 676.97 21.9139 8.06976 which

310.479 687.927 18.5658 8.06976 gives
331.313 687.927 3.98108 8.06976 a
337.561 687.927 4.4832 8.06976 5
344.312 687.326 7.02966 8.9664 ×
353.617 687.927 4.4832 8.06976 5
360.368 687.927 24.8997 8.06976 arcmin
387.536 687.927 18.1839 8.06976 ﬁeld.
407.989 687.927 13.9428 8.06976 The
424.2 687.927 22.7747 8.06976 region
449.243 687.927 7.46901 8.06976 of
458.981 687.927 12.3198 8.06976 sky
473.569 687.927 30.8803 8.06976 included
506.718 687.927 10.9569 8.06976 the
519.943 687.927 12.4543 8.06976 full
534.666 687.927 14.9291 8.06976 area

310.479 698.884 7.46901 8.06976 of
319.58 698.884 10.9569 8.06976 the
332.169 698.884 17.4307 8.06976 XTE
351.231 698.884 8.9664 8.06976 99
361.83 698.884 11.4501 8.06976 per
374.912 698.884 14.938 8.06976 cent
391.482 698.884 38.8424 8.06976 conﬁdence
431.956 698.884 22.7747 8.06976 region
456.362 698.884 17.1886 8.06976 (Fig.
475.183 698.884 9.71061 8.06976 5),
486.525 698.884 12.9475 8.06976 and
501.105 698.884 4.98532 8.06976 it
507.722 698.884 13.8531 8.06976 was
523.207 698.884 26.3971 8.06976 imaged

310.479 709.84 6.97586 8.06976 in
319.975 709.84 29.3919 8.06976 Johnson
351.895 710.109 7.72007 7.69317 B,
362.135 710.109 8.41048 7.69317 V,
373.065 710.109 5.47847 7.69317 R
381.063 709.84 12.9475 8.06976 and
396.53 709.84 45.5852 8.06976 narrow-band
444.634 709.84 11.5936 8.06976 Hα
459.115 709.84 22.6671 8.06976 ﬁlters.
484.302 709.84 33.3819 8.06976 Full-ﬁeld
520.203 709.84 29.3739 8.06976 aperture

310.479 720.797 41.3441 8.06976 photometry
353.706 720.797 13.8531 8.06976 was
369.442 720.797 37.3451 8.06976 performed
408.67 720.797 8.9664 8.06976 on
419.52 720.797 10.9569 8.06976 the
432.359 720.797 25.4018 8.06976 images
459.644 720.797 12.9475 8.06976 and
474.502 721.066 5.47847 7.69317 B
481.863 720.797 12.9475 8.06976 and
496.693 721.066 5.47847 7.69317 V
504.745 720.797 44.832 8.06976 instrumental

310.47 731.754 41.336 8.06976 magnitudes
354.666 731.754 17.419 8.06976 were
374.944 731.754 35.3464 8.06976 calibrated
413.15 731.754 25.3964 8.06976 against
441.406 731.754 3.98108 8.06976 a
448.246 731.754 12.9448 8.06976 star
464.05 731.754 6.97496 8.06976 in
473.885 731.754 10.9551 8.06976 the
487.691 731.754 15.9423 8.06976 ﬁeld
506.494 731.754 19.4302 8.06976 listed
528.784 731.754 6.97586 8.06976 in
538.62 731.754 10.9569 8.06976 the

431.241 753.372 3.32253 4.48317 C
437.984 752.384 15.9402 7.17309 2003
455.917 752.384 17.4944 7.17309 RAS,
475.404 752.384 28.3417 7.17309 MNRAS
505.738 752.439 13.9477 7.02166 339,
521.678 752.384 27.8954 7.17309 435–441

571.418 178.061 7.408 44.464 Downloaded
571.418 224.741 7.408 15.992 from
571.418 242.949 7.408 241.32 https://academic.oup.com/mnras/article-abstract/339/2/435/1005209
571.418 486.485 7.408 8.448 by
571.418 497.149 7.408 21.312 INRIA
571.418 520.677 7.408 15.56 user
571.418 538.453 7.408 8.896 on
571.418 549.565 7.408 8.896 31
571.418 560.677 7.408 28.44 October
571.418 591.333 7.408 17.792 2018

432.979 39.5188 21.2563 10.2576 XTE
457.224 39.5188 56.4764 10.2576 J0052−723
531.633 39.1601 17.9328 10.7597 439

47.4485 221.683 22.4358 7.02166 Figure
74.4193 221.683 5.97758 7.02166 5.
86.8128 221.627 16.3865 7.17309 CCD
106.403 221.627 26.126 7.17309 Johnson
135.741 221.866 4.86973 6.83835 R
143.815 221.627 19.4789 7.17309 image
166.498 221.627 27.6483 7.17309 covering
197.35 221.627 3.53872 7.17309 a
204.093 221.627 28.7721 7.17309 5-arcmin
236.069 221.627 15.4939 7.17309 wide
254.783 221.627 16.1634 7.17309 ﬁeld.
274.15 221.627 12.3935 7.17309 The

47.4405 231.59 29.2104 7.17309 rectangle
79.026 231.59 5.31606 7.17309 is
86.7172 231.59 9.73946 7.17309 the
98.8317 231.59 15.4939 7.17309 XTE
116.701 231.59 7.9701 7.17309 99
127.046 231.59 10.1778 7.17309 per
139.599 231.59 13.2782 7.17309 cent
155.252 231.59 15.4859 7.17309 error
173.113 231.59 11.9552 7.17309 box
187.443 231.59 9.29314 7.17309 for
199.112 231.59 9.73946 7.17309 the
211.226 231.59 13.0789 7.17309 new
226.68 231.59 21.0331 7.17309 pulsar.
250.088 231.59 12.3935 7.17309 The
264.857 231.59 21.6946 7.17309 optical

47.4405 241.552 36.2958 7.17309 counterpart
85.7289 241.552 5.31606 7.17309 is
93.0375 241.552 28.3337 7.17309 probably
123.364 241.552 40.0657 7.17309 [MA93]537.

47.4405 268.866 18.7536 7.02166 Table
69.5097 268.866 5.97758 7.02166 3.
81.4729 268.81 23.464 7.17309 Optical
106.929 268.81 36.7501 7.17309 photometry
145.672 268.81 6.63909 7.17309 of
154.304 268.81 35.6343 7.17309 candidates.

47.4485 289.965 21.2483 7.17309 Object

104.283 290.204 4.86973 6.83835 B
111.146 289.965 13.7245 7.17309 mag

141.639 290.204 4.86973 6.83835 V
149.115 289.965 13.7245 7.17309 mag

179.609 290.204 3.53872 6.83835 J
185.515 289.965 13.7245 7.17309 mag
199.246 288.612 2.9888 5.12878 a

219.505 290.204 5.75441 6.83835 H
227.611 289.965 13.7245 7.17309 mag
241.335 288.612 2.9888 5.12878 a

261.593 290.204 5.31606 6.83835 K
269.34 289.965 13.7245 7.17309 mag
283.065 288.612 2.9888 5.12878 a

47.4485 306.403 5.75441 7.17309 A

107.607 306.403 13.9477 7.17309 15.8

145.274 306.403 13.9477 7.17309 14.3

47.4485 316.366 5.31606 7.17309 B

107.607 316.366 13.9477 7.17309 17.4

145.274 316.366 13.9477 7.17309 17.3

47.4485 326.328 26.118 7.17309 [MA93]
75.559 326.328 11.9552 7.17309 537

107.607 326.328 13.9477 7.17309 15.9

145.274 326.328 13.9477 7.17309 15.8

182.207 326.328 17.9327 7.17309 16.46

223.197 326.328 17.9327 7.17309 15.65

267.096 326.328 13.9477 7.17309 15.7

47.4485 336.291 27.0027 7.17309 AzV129

107.607 336.291 13.9477 7.17309 14.3

145.274 336.291 13.9477 7.17309 14.3

182.207 336.291 17.9327 7.17309 14.46

223.197 336.291 17.9327 7.17309 14.59

267.096 336.291 13.9477 7.17309 14.6

47.4485 350.552 3.11433 5.9776 ∗
51.061 352.484 25.6637 7.17309 Infrared
78.7172 352.484 36.7501 7.17309 magnitudes
117.46 352.484 15.4939 7.17309 from
134.946 352.484 41.7872 7.17309 NASA/IRSA
178.726 352.484 32.5339 7.17309 catalogue.

47.4485 382.857 35.3635 8.06976 TYCHO2
85.3046 382.857 34.3592 8.06976 catalogue
122.157 382.857 18.426 8.06976 (Hog
143.075 382.857 6.47374 8.06976 et
152.042 382.857 8.71534 8.06976 al.
163.25 382.857 23.1602 8.06976 2000).
188.902 382.857 13.9428 8.06976 The
205.338 382.857 24.8997 8.06976 chosen
232.73 382.857 38.3493 8.06976 calibration
273.572 382.857 12.9475 8.06976 star

47.4485 393.814 13.8531 8.06976 was
63.9108 393.814 17.9328 8.06976 TYC
84.4528 393.814 48.562 8.06976 9138-1734-1.
135.624 393.814 13.9428 8.06976 The
152.176 393.814 31.3824 8.06976 resulting
186.159 394.083 5.47847 7.69317 B
194.246 393.814 12.9475 8.06976 and
209.803 394.083 5.47847 7.69317 V
218.581 393.814 41.3441 8.06976 magnitudes
262.535 393.814 10.4548 8.06976 for
275.599 393.814 10.9569 8.06976 the

47.4485 404.771 16.4354 8.06976 stars
66.1255 404.771 32.8708 8.06976 indicated
101.238 404.771 10.948 8.06976 are
114.428 404.771 19.5647 8.06976 given
136.234 404.771 6.97586 8.06976 in
145.451 404.771 19.6992 8.06976 Table
167.392 404.771 6.7248 8.06976 3.

56.4149 415.728 13.9428 8.06976 The
71.7116 415.728 31.3824 8.06976 resulting
104.448 415.728 41.3441 8.06976 magnitudes
147.146 415.728 17.4217 8.06976 were
165.922 415.728 15.4401 8.06976 then
182.716 415.728 16.4354 8.06976 used
200.505 415.728 6.97586 8.06976 to
208.835 415.728 13.9517 8.06976 plot
224.14 415.728 10.9569 8.06976 the
236.451 415.728 50.1042 8.06976 colour–colour

47.4485 426.685 31.8756 8.06976 diagram:
82.7313 426.954 5.47847 7.69317 B
91.5004 426.084 6.99379 8.9664 −
101.471 426.954 5.47847 7.69317 V
111.038 426.685 22.7747 8.06976 versus
137.265 426.954 5.47847 7.69317 R
145.909 426.084 6.99379 8.9664 −
155.628 426.685 14.1938 8.06976 Hα,
172.548 426.685 23.1871 8.06976 shown
198.461 426.685 6.97586 8.06976 in
208.162 426.685 14.2028 8.06976 Fig.
225.091 426.685 6.7248 8.06976 6.
234.541 426.685 13.9428 8.06976 The
251.21 426.685 35.3545 8.06976 calibrated

47.4575 437.642 9.14573 8.06976 (B
58.4772 437.041 6.99379 8.9664 −
67.0222 437.911 5.47847 7.69317 V
73.8635 437.642 2.98581 8.06976 )
78.1584 437.642 22.9092 8.06976 colour
102.368 437.642 14.4449 8.06976 axis
118.113 437.642 34.3592 8.06976 compares
153.772 437.642 38.3941 8.06976 favourably
193.466 437.642 15.9423 8.06976 with
210.709 437.642 10.9569 8.06976 the
222.966 437.642 63.5718 8.06976 colour-magnitude

47.4575 448.599 29.3829 8.06976 diagram
80.149 448.599 10.4548 8.06976 for
93.9124 448.599 10.9569 8.06976 the
108.178 448.599 18.937 8.06976 SMC
130.424 448.599 7.46901 8.06976 of
141.201 448.599 27.8945 8.06976 Udalski
172.404 448.599 6.47374 8.06976 et
182.187 448.599 8.71534 8.06976 al.
194.211 448.599 26.146 8.06976 (1998).
223.665 448.599 21.4118 8.06976 These
248.386 448.599 17.4396 8.06976 plots
269.134 448.599 17.4217 8.06976 were

47.4575 459.556 16.4354 8.06976 used
66.5828 459.556 6.97586 8.06976 to
76.2486 459.556 27.8945 8.06976 identify
106.833 459.556 37.8472 8.06976 candidates
147.37 459.556 10.4548 8.06976 for
160.524 459.556 8.46428 8.06976 an
171.678 459.556 24.4065 8.06976 optical
198.774 459.556 40.833 8.06976 counterpart
242.297 459.556 6.97586 8.06976 to
251.963 459.556 10.9569 8.06976 the
265.61 459.556 20.9096 8.06976 X-ray

47.4575 470.513 23.6623 8.06976 pulsar.
74.1235 470.513 13.9428 8.06976 The
91.7425 470.782 5.47847 7.69317 B
100.79 469.912 6.99379 8.9664 −
111.038 470.782 5.47847 7.69317 V
120.883 470.513 22.9092 8.06976 colour
146.796 470.513 30.7458 8.06976 provides
180.546 470.513 3.98108 8.06976 a
187.531 470.513 29.876 8.06976 measure
220.41 470.513 7.46901 8.06976 of
230.883 470.513 30.7817 8.06976 effective
264.669 470.513 21.9139 8.06976 stellar

47.4664 481.47 45.0651 8.06976 temperature,
95.1139 481.47 15.9423 8.06976 with
113.647 481.47 23.9134 8.06976 B0-B2
140.152 481.47 25.4018 8.06976 objects
168.145 481.47 13.9428 8.06976 (the
184.679 481.47 24.4065 8.06976 typical
211.677 481.47 44.3209 8.06976 counterparts
258.589 481.47 6.97586 8.06976 to
268.156 481.47 18.426 8.06976 these

47.4664 492.427 31.3824 8.06976 systems)
82.2023 492.427 18.4349 8.06976 lying
103.991 492.427 6.97586 8.06976 in
114.32 492.427 10.9569 8.06976 the
128.63 492.427 9.15469 8.06976 (B
141.703 491.826 6.99379 8.9664 −
152.302 492.696 5.47847 7.69317 V
159.143 492.427 2.98581 8.06976 )
165.482 491.826 6.99379 8.9664 =
175.829 492.427 4.4832 8.06976 0
183.666 491.826 6.99379 8.9664 ±
194.013 492.427 11.208 8.06976 0.2
208.575 492.427 25.0163 8.06976 region.
236.944 492.427 13.9428 8.06976 The
254.976 492.696 5.47847 7.69317 R
264.247 491.826 6.99379 8.9664 −
274.594 492.427 11.5936 8.06976 Hα

47.4395 503.384 19.1971 8.06976 value
69.0486 503.384 33.3729 8.06976 estimates
104.833 503.384 10.9569 8.06976 the
118.202 503.384 28.8897 8.06976 strength
149.504 503.384 7.46901 8.06976 of
159.385 503.384 10.9569 8.06976 the
172.754 503.384 11.5936 8.06976 Hα
187.109 503.384 31.8845 8.06976 emission
221.406 503.384 13.4496 8.06976 line
237.267 503.384 26.5316 8.06976 relative
266.211 503.384 6.97586 8.06976 to
275.599 503.384 10.9569 8.06976 the

47.4485 702.889 22.4358 7.02166 Figure
74.1802 702.889 5.97758 7.02166 6.
86.0955 702.833 23.464 7.17309 Optical
112.524 702.833 44.5608 7.17309 colour–colour
160.05 702.833 26.118 7.17309 diagram
189.133 702.833 12.8319 7.17309 (see
204.938 702.833 23.9103 7.17309 Section
231.813 702.833 12.6167 7.17309 3.1)
247.402 702.833 9.29314 7.17309 for
259.66 702.833 9.73946 7.17309 the
272.381 702.833 14.1708 7.17309 ﬁeld

47.4485 712.796 20.6107 7.17309 shown
69.6612 712.796 6.20074 7.17309 in
77.4639 712.796 12.6246 7.17309 Fig.
91.6905 712.796 5.97758 7.17309 5.
99.2701 712.796 12.3935 7.17309 The
113.266 712.796 11.8754 7.17309 two
126.743 712.796 22.5793 7.17309 objects
150.924 712.796 20.3716 7.17309 within
172.898 712.796 9.73946 7.17309 the
184.239 712.796 15.4859 7.17309 error
201.327 712.796 20.2441 7.17309 region
223.173 712.796 11.9552 7.17309 that
236.73 712.796 14.7686 7.17309 have
253.101 712.796 9.73946 7.17309 the
264.442 712.796 22.125 7.17309 correct

47.4485 722.759 23.464 7.17309 colours
72.8651 722.759 9.29314 7.17309 for
84.111 722.759 3.53872 7.17309 a
89.6024 722.759 21.2563 7.17309 B0-B2
112.811 722.759 11.5088 7.17309 star
126.273 722.759 11.5088 7.17309 and
139.734 722.759 9.73946 7.17309 the
151.426 722.759 28.78 7.17309 strongest
182.159 722.759 10.3372 7.17309 Hα
194.776 722.759 28.3417 7.17309 emission
225.07 722.759 9.73149 7.17309 are
236.754 722.759 25.8152 7.17309 marked.
264.522 722.759 22.0214 7.17309 Boxes:

47.4565 732.721 14.6092 7.17309 stars
64.0582 732.721 6.20074 7.17309 in
72.2515 732.721 9.73946 7.17309 the
83.9834 732.721 20.8099 7.17309 RXTE
106.786 732.721 15.4859 7.17309 error
124.264 732.721 13.9477 7.17309 box.
140.205 732.721 32.0398 7.17309 Triangles:
174.237 732.721 16.3786 7.17309 other
192.608 732.721 14.6092 7.17309 stars
209.21 732.721 6.20074 7.17309 in
217.403 732.721 9.73946 7.17309 the
229.135 732.721 16.1634 7.17309 ﬁeld.

310.462 63.235 43.3346 8.06976 surrounding
357.168 63.235 17.4217 8.06976 (red)
377.97 63.235 40.5999 8.06976 continuum.
421.941 63.235 12.3198 8.06976 For
437.642 63.235 11.4591 8.06976 hot
452.481 63.235 15.4401 8.06976 blue
471.301 63.235 16.4354 8.06976 stars
491.117 63.235 18.4349 8.06976 lying
512.932 63.235 6.97586 8.06976 to
523.289 63.235 10.9569 8.06976 the
537.626 63.235 11.9522 8.06976 left

310.462 74.1919 7.46901 8.06976 of
321.052 74.1919 12.9564 8.06976 this
337.128 74.1919 16.1933 8.06976 plot,
356.442 74.1919 3.98108 8.06976 a
363.543 74.1919 33.5074 8.06976 relatively
400.171 74.1919 17.7624 8.06976 large
421.789 74.4609 5.47847 7.69317 R
430.827 73.5912 6.99379 8.9664 −
440.941 74.1919 11.5936 8.06976 Hα
456.014 74.1919 23.9044 8.06976 cannot
483.039 74.1919 8.46428 8.06976 be
494.623 74.1919 35.8656 8.06976 consistent
533.609 74.1919 15.9423 8.06976 with

310.453 85.1488 10.9569 8.06976 the
324.001 85.1488 21.9139 8.06976 stellar
348.507 85.1488 31.8845 8.06976 emission
382.982 85.1488 12.9475 8.06976 and
398.521 85.1488 26.406 8.06976 implies
427.519 85.1488 10.9569 8.06976 the
441.067 85.1488 31.3645 8.06976 presence
475.023 85.1488 7.46901 8.06976 of
485.083 85.1488 3.98108 8.06976 a
491.655 85.1488 37.3809 8.06976 signiﬁcant
531.627 85.1488 17.9328 8.06976 mass

310.453 96.1058 7.46901 8.06976 of
321.06 96.1058 22.407 8.06976 cooler
346.606 96.1058 29.3829 8.06976 material
379.127 96.1058 31.8756 8.06976 radiating
414.141 96.1058 6.47374 8.06976 at
423.753 96.1058 22.9092 8.06976 longer
449.8 96.1058 46.6611 8.06976 wavelengths.
499.599 96.1058 15.9423 8.06976 This
518.68 96.1058 30.8892 8.06976 situation

310.453 107.063 30.7458 8.06976 provides
344.651 107.063 10.9569 8.06976 the
359.06 107.063 43.3346 8.06976 photometric
405.847 107.063 46.8225 8.06976 classiﬁcation
456.121 107.063 7.46901 8.06976 of
467.042 107.063 3.98108 8.06976 a
474.476 107.063 9.96167 8.06976 Be
487.889 107.063 12.9475 8.06976 star
504.289 107.063 34.8524 8.06976 (Jascheck
542.593 107.063 6.97586 8.06976 &

310.453 118.02 27.8855 8.06976 Jaschek
341.405 118.02 23.1602 8.06976 1990).
367.632 118.02 13.9428 8.06976 The
384.641 118.289 25.895 7.69317 R-band
413.603 118.02 21.9139 8.06976 image
438.583 118.02 7.46901 8.06976 of
449.119 118.02 10.9569 8.06976 the
463.142 118.02 15.9423 8.06976 ﬁeld
482.151 118.02 30.8803 8.06976 obtained
516.098 118.02 6.47374 8.06976 at
525.638 118.02 23.9134 8.06976 SAAO

310.453 128.977 5.98059 8.06976 is
319.482 128.977 23.1871 8.06976 shown
345.718 128.977 6.97586 8.06976 in
355.743 128.977 14.2028 8.06976 Fig.
372.994 128.977 6.7248 8.06976 5.
382.767 128.977 13.9428 8.06976 The
399.759 128.977 17.4307 8.06976 XTE
420.238 128.977 8.9664 8.06976 99
432.253 128.977 11.4501 8.06976 per
446.751 128.977 14.938 8.06976 cent
464.738 128.977 38.8424 8.06976 conﬁdence
506.629 128.977 17.4217 8.06976 error
527.099 128.977 13.4496 8.06976 box
543.598 128.977 5.98059 8.06976 is

310.453 139.934 29.3919 8.06976 outlined
341.199 139.934 12.9475 8.06976 and
355.5 139.934 9.96167 8.06976 Be
366.816 139.934 16.4354 8.06976 stars
384.605 139.934 33.8751 8.06976 identiﬁed
419.834 139.934 8.9664 8.06976 by
430.155 139.934 10.9569 8.06976 the
442.466 139.934 21.1428 8.06976 above
464.962 139.934 35.8477 8.06976 procedure
502.164 139.934 10.948 8.06976 are
514.466 139.934 35.1124 8.06976 indicated.

310.453 150.89 17.9238 8.06976 Each
330.386 150.89 34.3592 8.06976 candidate
366.753 150.89 5.98059 8.06976 is
374.742 150.89 59.241 8.06976 cross-referenced
435.992 150.89 6.97586 8.06976 to
444.976 150.89 8.47325 8.06976 its
455.458 150.89 28.8987 8.06976 position
486.365 150.89 8.9664 8.06976 on
497.34 150.89 10.9569 8.06976 the
510.305 150.89 39.2549 8.06976 two-colour

310.453 161.847 29.3829 8.06976 diagram
342.544 161.847 17.1886 8.06976 (Fig.
362.44 161.847 9.71061 8.06976 6).
374.859 161.847 15.6284 8.06976 Two
393.195 161.847 34.3592 8.06976 candidate
430.262 161.847 9.96167 8.06976 Be
442.932 161.847 16.4354 8.06976 stars
462.075 161.847 23.8955 8.06976 appear
488.678 161.847 6.97586 8.06976 in
498.362 161.847 10.9569 8.06976 the
512.027 161.847 17.4307 8.06976 XTE
532.165 161.847 17.4217 8.06976 error

310.453 172.804 15.9423 8.06976 box:
327.651 172.804 10.9569 8.06976 the
339.863 172.804 28.3876 8.06976 brighter
369.506 172.804 7.46901 8.06976 of
378.23 172.804 10.9569 8.06976 the
390.442 172.804 13.3599 8.06976 two
405.058 172.804 5.98059 8.06976 is
412.294 172.804 3.98108 8.06976 a
417.53 172.804 24.1824 8.06976 known
442.968 172.804 48.3199 8.06976 emission-line
492.543 172.804 12.9475 8.06976 star
506.746 172.804 42.8325 8.06976 [MA93]537

310.453 183.761 49.1717 8.06976 (Meyssonnier
361.831 183.761 6.97586 8.06976 &
371.012 183.761 37.3451 8.06976 Azzopardi
410.563 183.761 23.1602 8.06976 1993).
435.929 183.761 13.9428 8.06976 The
452.078 183.761 12.9475 8.06976 one
467.231 183.761 28.3876 8.06976 labelled
497.833 183.761 26.8902 8.06976 ‘Object
526.929 184.03 8.46428 7.69317 B’
537.599 183.761 11.9522 8.06976 has

310.444 194.718 3.98108 8.06976 a
316.667 194.718 26.9082 8.06976 slightly
345.817 194.718 18.426 8.06976 more
366.484 194.718 28.7463 8.06976 extreme
398.198 194.987 5.47847 7.69317 R
406.358 194.117 6.99379 8.9664 −
415.593 194.718 11.5936 8.06976 Hα
429.787 194.718 11.2797 8.06976 but
443.308 194.718 5.98059 8.06976 is
451.531 194.718 19.9233 8.06976 much
473.696 194.718 25.0611 8.06976 fainter.

310.444 223.572 11.208 7.8994 3.2
326.135 223.572 50.6422 7.8994 Spectroscopy

310.444 239.945 11.5936 8.06976 Hα
324.468 239.945 25.3928 8.06976 spectra
351.923 239.945 17.4217 8.06976 were
371.407 239.945 19.3316 8.06976 taken
392.801 239.945 8.9664 8.06976 on
403.829 239.945 17.9328 8.06976 2001
423.824 239.945 37.5782 8.06976 November
463.465 239.945 4.4832 8.06976 7
470.019 239.945 15.9423 8.06976 with
488.024 239.945 10.9569 8.06976 the
501.043 239.945 23.9134 8.06976 SAAO
527.028 239.945 11.208 8.06976 1.9
540.298 239.945 9.21746 8.06976 m,

310.444 250.902 10.4548 8.06976 for
323.607 250.902 14.938 8.06976 four
341.253 250.902 25.4018 8.06976 objects
369.362 250.902 6.97586 8.06976 in
379.046 250.902 10.9569 8.06976 the
392.702 250.902 18.1839 8.06976 ﬁeld.
413.594 250.902 21.4118 8.06976 These
437.713 250.902 17.4217 8.06976 were
457.843 250.902 10.9569 8.06976 the
471.508 250.902 13.3599 8.06976 two
487.575 250.902 25.4018 8.06976 objects
515.685 250.902 33.8751 8.06976 identiﬁed

310.444 261.859 17.4307 8.06976 from
329.955 261.859 10.9569 8.06976 the
342.992 261.859 43.0029 8.06976 photometry,
388.075 261.859 14.947 8.06976 plus
405.103 261.859 30.3782 8.06976 AzV129
437.561 261.859 6.96689 8.06976 (a
446.608 261.859 15.9423 8.06976 14th
464.63 261.859 15.4401 8.06976 mag
482.151 261.859 10.4638 8.06976 B1
494.695 261.859 15.4401 8.06976 star;
512.215 261.859 37.3451 8.06976 Azzopardi

310.444 272.816 6.97586 8.06976 &
320.361 272.816 29.8402 8.06976 Vigneau
353.142 272.816 20.9186 8.06976 1978)
377.002 272.816 12.9475 8.06976 and
392.89 272.816 21.9139 8.06976 object
417.745 272.816 8.71534 8.06976 A,
429.401 272.816 21.9139 8.06976 which
454.256 272.816 13.8531 8.06976 was
471.05 272.816 6.97586 8.06976 in
480.967 272.816 10.9569 8.06976 the
494.865 272.816 10.9659 8.06976 slit
508.772 272.816 15.9423 8.06976 with
527.655 272.816 21.9139 8.06976 object

310.444 283.773 8.22219 8.06976 B.
320.953 283.773 17.9328 8.06976 Only
341.172 283.773 42.8325 8.06976 [MA93]537
386.291 283.773 22.1918 8.06976 shows
410.769 283.773 11.5936 8.06976 Hα
425.026 283.773 6.97586 8.06976 in
434.288 283.773 34.1261 8.06976 emission,
470.701 283.773 15.9423 8.06976 with
488.929 283.773 3.98108 8.06976 a
495.197 283.773 24.6576 8.06976 strong,
522.141 283.773 27.3924 8.06976 double-

310.444 294.729 25.3032 8.06976 peaked
337.98 294.729 39.8467 8.06976 line-proﬁle
380.059 294.729 23.1871 8.06976 shown
405.479 294.729 6.97586 8.06976 in
414.688 294.729 14.2028 8.06976 Fig.
431.123 294.729 6.7248 8.06976 7.
440.08 294.729 17.9328 8.06976 Such
460.246 294.729 3.98108 8.06976 a
466.46 294.729 52.6955 8.06976 double-peaked
521.388 294.729 13.4496 8.06976 line
537.07 294.729 12.4543 8.06976 im-

310.444 305.686 16.9375 8.06976 plies
329.677 305.686 13.4496 8.06976 that
345.422 305.686 11.5936 8.06976 Hα
359.688 305.686 31.8845 8.06976 emission
393.868 305.686 22.9092 8.06976 comes
419.072 305.686 17.4307 8.06976 from
438.798 305.686 3.98108 8.06976 a
445.084 305.686 46.8136 8.06976 circumstellar
494.193 305.686 14.4449 8.06976 disc
510.933 305.686 38.6004 8.06976 (Slettebak,

310.444 316.643 25.9129 8.06976 Collins
339.155 316.643 6.97586 8.06976 &
348.928 316.643 21.0979 8.06976 Truax
372.824 316.643 23.1602 8.06976 1992),
398.781 316.643 10.9569 8.06976 the
412.536 316.643 14.4449 8.06976 disc
429.778 316.643 34.7358 8.06976 providing
467.311 316.643 10.9569 8.06976 the
481.066 316.643 31.6873 8.06976 reservoir
515.551 316.643 7.46901 8.06976 of
525.817 316.643 13.9428 8.06976 fuel
542.557 316.643 6.97586 8.06976 to

310.444 327.6 22.1829 8.06976 power
334.671 327.6 10.9569 8.06976 the
347.673 327.6 20.9096 8.06976 X-ray
370.627 327.6 23.6623 8.06976 pulsar.
396.333 327.6 13.9428 8.06976 The
412.321 327.6 36.9057 8.06976 equivalent
451.271 327.6 20.4255 8.06976 width
473.74 327.6 13.8531 8.06976 was
489.638 327.6 40.3398 8.06976 determined
532.022 327.6 6.97586 8.06976 to
541.042 327.6 8.46428 8.06976 be

310.444 337.956 22.685 8.9664 −43.3
335.712 337.956 6.99379 8.9664 ±
345.288 338.557 18.6232 8.06976 0.7Å
366.493 338.557 12.9475 8.06976 and
382.014 338.557 10.9569 8.06976 the
395.544 338.557 13.4496 8.06976 line
411.567 338.557 13.8531 8.06976 was
427.994 338.557 26.3881 8.06976 centred
456.964 338.557 6.47374 8.06976 at
466.011 338.557 27.6075 8.06976 6566Å.
496.192 338.557 13.9428 8.06976 The
512.708 338.557 36.8519 8.06976 separation

310.462 349.514 28.7552 8.06976 velocity
341.459 349.514 7.46901 8.06976 of
351.17 349.514 10.9569 8.06976 the
364.368 349.514 20.4165 8.06976 peaks
387.026 349.514 13.8531 8.06976 was
403.121 349.514 20.9186 8.06976 found
426.281 349.514 6.97586 8.06976 to
435.499 349.514 8.46428 8.06976 be
446.205 349.514 13.4496 8.06976 200
461.896 348.913 6.99379 8.9664 ±
471.131 349.514 8.9664 8.06976 15
482.339 349.514 11.4591 8.06976 km
496.04 349.514 3.48793 8.06976 s
499.527 347.946 7.65133 5.9776 −1
507.677 349.56 2.2416 8.06976 .

310.461 378.414 4.4832 7.8994 4
320.593 378.414 6.47374 7.8994 D
328.232 378.414 3.48793 7.8994 I
332.886 378.414 4.98532 7.8994 S
339.037 378.414 6.47374 7.8994 C
346.676 378.414 6.47374 7.8994 U
354.315 378.414 4.98532 7.8994 S
360.466 378.414 4.98532 7.8994 S
366.617 378.414 3.48793 7.8994 I
371.271 378.414 6.97586 7.8994 O
379.412 378.414 6.47374 7.8994 N

310.461 394.787 13.9428 8.06976 The
327.165 394.787 28.8987 8.06976 position
358.825 394.787 7.46901 8.06976 of
369.056 394.787 10.9569 8.06976 the
382.775 394.787 11.5936 8.06976 Hα
397.516 394.787 16.9286 8.06976 peak
417.206 394.787 6.97586 8.06976 in
426.943 394.787 42.8325 8.06976 [MA93]537
472.537 394.787 43.3256 8.06976 corresponds
518.625 394.787 6.97586 8.06976 to
528.362 394.787 3.98108 8.06976 a
535.114 394.787 14.4359 8.06976 red-

310.461 405.744 15.9423 8.06976 shift
329.129 405.744 7.46901 8.06976 of
339.324 405.744 13.4496 8.06976 137
355.499 405.744 11.4591 8.06976 km
369.684 405.744 3.48793 8.06976 s
373.172 404.136 7.65133 5.9776 −1
381.322 405.749 2.2416 8.06976 .
386.289 405.749 13.9428 8.06976 The
402.957 405.749 37.3451 8.06976 agreement
443.028 405.749 7.46901 8.06976 of
453.223 405.749 12.9564 8.06976 this
468.905 405.749 19.1971 8.06976 value
490.828 405.749 15.9423 8.06976 with
509.496 405.749 10.9569 8.06976 the
523.179 405.749 26.3881 8.06976 general

310.46 416.706 39.8377 8.06976 recessional
352.342 416.706 33.364 8.06976 (redshift)
387.75 416.706 19.1971 8.06976 value
408.992 416.706 10.4548 8.06976 for
421.491 416.706 10.9569 8.06976 the
434.492 416.706 18.937 8.06976 SMC
455.474 416.706 7.46901 8.06976 of
464.987 416.706 13.4496 8.06976 148
480.481 416.706 11.4591 8.06976 km
493.984 416.706 3.48793 8.06976 s
497.472 415.094 7.65133 5.9776 −1
507.666 416.708 31.3824 8.06976 conﬁrms
541.092 416.708 8.47325 8.06976 its

310.459 427.665 44.3299 8.06976 membership
356.932 427.665 7.46901 8.06976 of
366.544 427.665 13.4496 8.06976 that
382.136 427.665 19.5916 8.06976 body.
403.871 427.665 13.9428 8.06976 The
419.956 427.665 32.2342 8.06976 observed
454.334 427.665 6.47374 8.06976 V
462.95 427.665 37.8561 8.06976 magnitude
502.949 427.665 7.46901 8.06976 of
512.561 427.665 12.9564 8.06976 this
527.661 427.665 21.9139 8.06976 object

310.459 438.622 43.3256 8.06976 corresponds
356.627 438.622 6.97586 8.06976 to
366.445 438.622 3.98108 8.06976 a
373.268 438.622 35.9642 8.06976 B0V-B1V
412.075 438.622 12.9475 8.06976 star
427.865 438.622 6.97586 8.06976 in
437.683 438.622 10.9569 8.06976 the
451.482 438.622 21.1786 8.06976 SMC,
475.503 438.622 24.9087 8.06976 though
503.254 438.622 10.9569 8.06976 the
517.054 438.622 9.18159 8.06976 (B
529.642 438.021 6.99379 8.9664 −
539.73 438.891 5.47847 7.69317 V
546.571 438.622 2.98581 8.06976 )

310.45 449.579 26.3971 8.06976 colours
339.384 449.579 10.948 8.06976 are
352.87 449.579 26.9082 8.06976 slightly
382.315 449.579 11.4591 8.06976 too
396.312 449.579 17.6817 8.06976 blue.
416.531 449.579 34.162 8.06976 However,
453.231 449.579 18.426 8.06976 close
474.194 449.579 36.8609 8.06976 inspection
513.592 449.579 7.46901 8.06976 of
523.599 449.579 10.9569 8.06976 the
537.093 449.579 12.4543 8.06976 im-

310.45 460.536 12.4454 8.06976 age
325.872 460.536 10.4548 8.06976 for
339.304 460.536 42.8325 8.06976 [MA93]537
385.113 460.536 25.0342 8.06976 reveals
413.124 460.536 4.98532 8.06976 it
421.086 460.536 6.97586 8.06976 to
431.039 460.536 8.46428 8.06976 be
442.48 460.536 3.98108 8.06976 a
449.438 460.536 24.4065 8.06976 double
476.821 460.536 12.9475 8.06976 star
492.746 460.536 15.9423 8.06976 with
511.665 460.536 12.9475 8.06976 one
527.589 460.536 21.9139 8.06976 object

310.45 471.493 51.7989 8.06976 approximately
364.472 471.493 13.4496 8.06976 3–4
380.146 471.493 19.4302 8.06976 times
401.799 471.493 28.3876 8.06976 brighter
432.411 471.493 15.4401 8.06976 than
450.075 471.493 10.9569 8.06976 the
463.255 471.493 18.426 8.06976 other
483.905 471.493 6.97586 8.06976 in
493.104 471.493 10.9569 8.06976 the
506.276 471.762 5.47847 7.69317 R
513.978 471.493 19.6723 8.06976 band.
535.874 471.493 5.47847 8.06976 It
543.576 471.493 5.98059 8.06976 is

310.45 482.45 17.9328 8.06976 quite
330.427 482.45 29.3919 8.06976 possible
361.863 482.45 13.4496 8.06976 that
377.357 482.45 10.9569 8.06976 the
390.358 482.45 19.9233 8.06976 blend
412.326 482.45 7.46901 8.06976 of
421.839 482.45 10.9569 8.06976 the
434.841 482.45 23.3126 8.06976 fainter
460.198 482.45 12.9475 8.06976 star
475.189 482.45 15.9423 8.06976 with
493.176 482.45 10.9569 8.06976 the
506.177 482.45 28.3876 8.06976 brighter
536.609 482.45 12.9475 8.06976 one

310.45 493.407 5.98059 8.06976 is
319.56 493.407 31.6424 8.06976 affecting
354.331 493.407 10.9569 8.06976 the
368.418 493.407 26.3971 8.06976 colours
397.944 493.407 6.97586 8.06976 in
408.049 493.407 10.9569 8.06976 the
422.135 493.407 26.8902 8.06976 manner
452.155 493.407 34.4758 8.06976 observed.
489.76 493.407 59.779 8.06976 Notwithstanding

310.45 504.364 12.9564 8.06976 this
325.809 504.364 19.4302 8.06976 small
347.642 504.364 22.425 8.06976 effect,
372.47 504.364 17.9238 8.06976 there
392.797 504.364 12.4454 8.06976 can
407.646 504.364 8.46428 8.06976 be
418.513 504.364 16.4444 8.06976 little
437.36 504.364 20.4255 8.06976 doubt
460.189 504.364 13.4496 8.06976 that
476.041 504.364 42.8325 8.06976 [MA93]537
521.277 504.364 17.4396 8.06976 must
541.119 504.364 8.46428 8.06976 be

310.45 515.321 10.9569 8.06976 the
323.577 515.321 20.9186 8.06976 prime
346.665 515.321 34.3592 8.06976 candidate
383.194 515.321 10.4548 8.06976 for
395.819 515.321 10.9569 8.06976 the
408.946 515.321 24.4065 8.06976 optical
435.522 515.321 40.833 8.06976 counterpart
478.525 515.321 6.97586 8.06976 to
487.671 515.321 10.9569 8.06976 the
500.797 515.321 20.9096 8.06976 X-ray
523.877 515.321 25.6439 8.06976 source.

310.45 526.278 19.6992 8.06976 Table
332.435 526.278 4.4832 8.06976 3
339.205 526.278 14.4449 8.06976 also
355.936 526.278 14.4538 8.06976 lists
372.677 526.278 28.4325 8.06976 archival
403.395 526.278 28.3787 8.06976 infrared
434.061 526.278 41.3441 8.06976 magnitudes
477.691 526.278 21.9139 8.06976 which
501.891 526.278 18.7039 8.06976 show
522.882 526.278 3.98108 8.06976 a
529.149 526.278 20.4255 8.06976 rising

310.462 722.615 22.4358 7.02166 Figure
337.194 722.615 5.97758 7.02166 7.
349.109 722.56 10.3053 7.17309 Hα
362.698 722.56 22.5713 7.17309 spectra
388.234 722.56 6.63909 7.17309 of
397.838 722.56 9.73946 7.17309 the
410.543 722.56 14.6092 7.17309 stars
428.117 722.56 40.0657 7.17309 [MA93]537,
471.147 722.56 28.9952 7.17309 AzV129,
503.107 722.56 21.2483 7.17309 Object
527.321 722.56 7.74694 7.17309 A,
538.032 722.56 11.5088 7.17309 and

310.462 732.522 21.2483 7.17309 Object
333.703 732.522 7.30858 7.17309 B.

48.6769 753.372 3.32253 4.48317 C
55.4186 752.384 15.9402 7.17309 2003
73.3513 752.384 17.4944 7.17309 RAS,
92.8382 752.384 28.3417 7.17309 MNRAS
123.172 752.439 13.9477 7.02166 339,
139.113 752.384 27.8954 7.17309 435–441

571.418 178.061 7.408 44.464 Downloaded
571.418 224.741 7.408 15.992 from
571.418 242.949 7.408 241.32 https://academic.oup.com/mnras/article-abstract/339/2/435/1005209
571.418 486.485 7.408 8.448 by
571.418 497.149 7.408 21.312 INRIA
571.418 520.677 7.408 15.56 user
571.418 538.453 7.408 8.896 on
571.418 549.565 7.408 8.896 31
571.418 560.677 7.408 28.44 October
571.418 591.333 7.408 17.792 2018

47.4565 39.1601 17.9328 10.7597 440

83.3221 39.5188 8.9664 10.2576 S.
95.2773 39.5188 39.5956 10.2576 Laycock
137.862 39.5188 8.63165 10.2576 et
149.482 39.5188 12.2899 10.2576 al.

47.4565 397.681 22.4358 7.02166 Figure
74.0208 397.681 5.97758 7.02166 8.
85.6014 397.625 17.2712 7.17309 PDM
105.67 397.625 43.8276 7.17309 periodograms
152.295 397.625 23.456 7.17309 centred
178.549 397.625 7.9701 7.17309 on
189.316 397.625 9.73946 7.17309 the
201.853 397.625 23.6871 7.17309 4.782-s
228.338 397.625 24.1175 7.17309 feature.
255.253 397.625 5.75441 7.17309 A
263.805 397.625 13.7245 7.17309 drift
280.327 397.625 6.20074 7.17309 in

47.4565 407.588 16.8249 7.17309 pulse
66.513 407.588 20.3636 7.17309 period
89.1082 407.588 5.31606 7.17309 is
96.6559 407.588 28.6525 7.17309 observed
127.54 407.588 13.9238 7.17309 over
143.695 407.588 9.73946 7.17309 the
155.667 407.588 7.9701 7.17309 28
165.868 407.588 3.98505 7.17309 d
172.085 407.588 6.63909 7.17309 of
180.956 407.588 9.73946 7.17309 the
192.927 407.588 27.9591 7.17309 outburst.
223.118 407.588 17.2712 7.17309 From
242.62 407.588 9.73946 7.17309 the
254.591 407.588 10.1858 7.17309 top
267.009 407.588 19.5028 7.17309 down,

47.4565 417.55 40.0896 7.17309 observations
89.5386 417.55 5.97758 7.17309 1,
97.5087 417.55 5.97758 7.17309 2,
105.479 417.55 5.97758 7.17309 4,
113.449 417.55 5.97758 7.17309 6,
121.419 417.55 5.97758 7.17309 7.

47.4565 441.388 13.9517 8.06976 ﬂux
64.0443 441.388 13.9517 8.06976 into
80.6322 441.388 10.9569 8.06976 the
94.2252 441.388 28.3787 8.06976 infrared
125.24 441.388 17.4307 8.06976 (IR);
145.307 441.388 4.98532 8.06976 it
152.928 441.388 23.9134 8.06976 should
179.478 441.388 8.46428 8.06976 be
190.578 441.388 19.9233 8.06976 noted
213.138 441.388 13.4496 8.06976 that
229.223 441.388 18.426 8.06976 these
250.285 441.388 22.685 8.06976 values
275.607 441.388 10.948 8.06976 are

47.4565 452.345 11.4591 8.06976 not
61.1572 452.345 17.4307 8.06976 from
80.8294 452.345 10.9569 8.06976 the
94.028 452.345 18.426 8.06976 same
114.696 452.345 21.4118 8.06976 epoch
138.349 452.345 7.46901 8.06976 as
148.06 452.345 10.9569 8.06976 the
161.258 452.345 23.9134 8.06976 SAAO
187.413 452.345 43.0029 8.06976 photometry.

56.4229 463.302 13.9428 8.06976 The
71.7106 463.302 36.3677 8.06976 maximum
109.432 463.571 4.98532 7.69317 L
114.446 466.871 3.65231 5.12878 X
120.21 463.306 28.3876 8.06976 attained
149.942 463.306 8.9664 8.06976 by
160.263 463.306 17.4307 8.06976 XTE
179.038 463.306 41.8641 8.06976 J0052−723
222.247 463.306 27.8765 8.06976 reached
251.487 462.705 15.9602 8.9664 ∼10
267.446 462.092 5.9782 5.37984 38
275.271 463.306 11.2887 8.06976 erg

47.4529 474.262 3.48793 8.06976 s
50.9444 472.651 7.65133 5.9776 −1
61.3404 474.264 7.46901 8.06976 as
71.051 474.264 28.3787 8.06976 inferred
101.671 474.264 17.4307 8.06976 from
121.344 474.264 8.47325 8.06976 its
132.058 474.264 38.3672 8.06976 luminosity
172.667 474.264 6.97586 8.06976 in
181.885 474.264 41.6131 8.06976 observation
225.748 474.264 4.4832 8.06976 6
232.482 474.264 12.9475 8.06976 and
247.671 474.264 8.47325 8.06976 its
258.386 474.264 16.9286 8.06976 peak
277.556 474.264 9.00227 8.06976 2–

47.4514 485.221 8.9664 8.06976 10
57.8704 485.221 14.8484 8.06976 keV
74.1713 485.221 13.9517 8.06976 ﬂux
89.5756 485.221 44.5989 8.06976 (observation
135.627 485.221 9.71061 8.06976 2).
146.79 485.221 13.9428 8.06976 The
162.186 485.221 29.2125 8.06976 outburst
192.851 485.221 27.3834 8.06976 appears
221.687 485.221 6.97586 8.06976 to
230.115 485.221 16.6147 8.06976 have
248.182 485.221 38.3493 8.06976 brightened

47.4425 496.178 25.4018 8.06976 rapidly
74.4493 496.178 17.4307 8.06976 from
93.476 495.578 11.477 8.9664 <8
106.558 495.578 7.02966 8.9664 ×
115.193 496.178 8.9664 8.06976 10
124.17 494.969 5.9782 5.37984 36
132.247 496.182 11.2887 8.06976 erg
145.141 496.182 3.48793 8.06976 s
148.626 494.568 7.65133 5.9776 −1
158.377 496.182 23.4023 8.06976 (upper
183.385 496.182 19.9323 8.06976 limit)
204.922 496.182 6.97586 8.06976 to
220.47 496.182 8.9664 8.06976 10
229.434 494.969 5.9782 5.37984 38
237.512 496.182 11.2887 8.06976 erg
250.405 496.182 3.48793 8.06976 s
253.89 494.568 7.65133 5.9776 −1
263.642 496.182 22.9181 8.06976 within

47.4529 506.538 11.477 8.9664 ∼6
61.1715 507.139 6.7248 8.06976 d,
70.1379 507.139 12.9475 8.06976 and
85.327 507.139 15.4401 8.06976 then
103.009 507.139 30.3782 8.06976 declined
135.629 507.139 23.6892 8.06976 slowly
161.559 507.139 15.6643 8.06976 over
179.465 507.139 10.9569 8.06976 the
192.664 507.139 15.3056 8.06976 next
210.211 507.139 25.1597 8.06976 month.

56.4193 518.096 21.4207 8.06976 Using
79.1133 518.096 10.9569 8.06976 the
91.3435 518.096 27.3924 8.06976 relation
120.009 518.096 7.46901 8.06976 of
128.751 518.096 26.6571 8.06976 Bohlin,
156.682 518.096 25.4915 8.06976 Savage
183.446 518.096 6.97586 8.06976 &
191.695 518.096 21.8153 8.06976 Drake
214.784 518.096 23.9044 8.06976 (1978)
239.962 518.096 10.9569 8.06976 the
252.192 518.096 34.3592 8.06976 measured

48.0626 529.322 5.98059 7.69317 N
55.0869 532.445 4.31583 5.37984 H
61.7439 529.059 26.406 8.06976 implies
90.6157 529.328 15.4312 7.69317 E(B
108.459 528.458 6.99379 8.9664 −
117.551 529.328 5.47847 7.69317 V
124.392 529.059 2.98581 8.06976 )
129.225 528.458 6.99379 8.9664 =
138.066 529.059 17.9328 8.06976 3.55,
157.846 529.059 10.9569 8.06976 the
170.65 529.059 30.8713 8.06976 apparent
203.359 529.059 26.3971 8.06976 colours
231.594 529.059 7.46901 8.06976 of
240.902 529.059 10.9569 8.06976 the
253.697 529.059 32.8708 8.06976 proposed

47.4784 540.016 40.833 8.06976 counterpart
89.9701 540.016 22.685 8.06976 (Table
114.314 540.016 7.46901 8.06976 3)
123.442 540.016 8.9664 8.06976 do
134.067 540.016 11.4591 8.06976 not
147.185 540.016 26.8992 8.06976 support
175.743 540.016 12.9564 8.06976 this
190.358 540.016 23.761 8.06976 degree
215.778 540.016 7.46901 8.06976 of
224.905 540.016 38.0982 8.06976 reddening,
264.662 540.016 21.9139 8.06976 which

47.4784 550.973 5.47847 8.06976 if
55.0819 550.973 6.97586 8.06976 in
64.1828 550.973 17.4307 8.06976 front
83.7385 550.973 7.46901 8.06976 of
93.3325 550.973 10.9569 8.06976 the
106.415 550.973 12.9475 8.06976 star
121.487 550.973 22.3263 8.06976 would
145.938 550.973 20.9276 8.06976 imply
169.655 551.242 5.47847 7.69317 B
177.823 550.372 6.99379 8.9664 −
187.193 551.242 5.47847 7.69317 V
196.159 550.372 6.99379 8.9664 <
205.278 550.372 13.7186 8.9664 −3.
221.122 550.973 17.9328 8.06976 Thus
241.179 550.973 10.9569 8.06976 the
254.261 550.973 17.7624 8.06976 large
274.75 551.242 5.98059 7.69317 N
281.746 554.363 4.31583 5.37984 H

47.4565 561.936 17.4396 8.06976 must
67.1377 561.936 8.46428 8.06976 be
77.8436 561.936 12.9475 8.06976 due
93.0327 561.936 6.97586 8.06976 to
102.25 561.936 17.4307 8.06976 local
121.922 561.936 29.3829 8.06976 material
153.547 561.936 24.8997 8.06976 around
180.688 561.936 10.9569 8.06976 the
193.887 561.936 27.3924 8.06976 neutron
223.521 561.936 14.6959 8.06976 star.

56.4229 572.893 13.9428 8.06976 The
72.15 572.893 18.9281 8.06976 pulse
92.8623 572.893 23.4113 8.06976 proﬁle
118.058 572.893 17.1886 8.06976 (Fig.
137.031 572.893 7.46901 8.06976 1)
146.284 572.893 5.98059 8.06976 is
154.049 572.893 24.4065 8.06976 double
180.24 572.893 25.3032 8.06976 peaked
207.327 572.893 12.9475 8.06976 and
222.059 572.893 20.9096 8.06976 rather
244.753 572.893 41.8372 8.06976 asymmetric

47.4565 583.85 6.47374 8.06976 at
56.7188 583.85 8.9664 8.06976 all
68.4737 583.85 21.6718 8.06976 times.
92.9341 583.85 26.0922 8.06976 Timing
121.815 583.85 28.8897 8.06976 analysis
153.493 583.85 22.1918 8.06976 shows
178.474 583.85 31.6424 8.06976 evidence
212.913 583.85 10.4548 8.06976 for
226.157 583.85 28.8808 8.06976 changes
257.826 583.85 6.97586 8.06976 in
267.591 583.85 18.9281 8.06976 pulse

47.4565 594.807 22.9092 8.06976 period
73.5039 594.807 29.876 8.06976 between
106.518 594.807 10.9569 8.06976 the
120.613 594.807 47.3426 8.06976 observations.
171.094 594.807 15.9423 8.06976 This
190.175 594.807 5.98059 8.06976 is
199.294 594.807 30.0105 8.06976 revealed
232.442 594.807 6.97586 8.06976 in
242.556 594.807 14.2028 8.06976 Fig.
259.897 594.807 4.4832 8.06976 8
267.519 594.807 7.46901 8.06976 as
278.126 594.807 8.46428 8.06976 an

47.4565 605.764 37.8472 8.06976 apparently
88.5405 605.764 39.3535 8.06976 continuous
131.131 605.764 15.9423 8.06976 shift
150.31 605.764 6.97586 8.06976 in
160.523 605.764 10.9569 8.06976 the
174.717 605.764 28.8987 8.06976 position
206.852 605.764 7.46901 8.06976 of
217.558 605.764 10.9569 8.06976 the
231.752 605.764 26.6481 8.06976 4.782-s
261.637 605.764 24.8907 8.06976 feature

47.4565 616.72 6.97586 8.06976 in
56.8981 616.72 10.9569 8.06976 the
70.3208 616.72 19.4302 8.06976 PDM
92.2168 616.72 45.8183 8.06976 periodogram
140.501 616.72 23.4113 8.06976 during
166.378 616.72 10.9569 8.06976 the
179.801 616.72 8.9664 8.06976 28
191.233 616.72 4.4832 8.06976 d
198.182 616.72 29.3829 8.06976 spanned
230.03 616.72 8.9664 8.06976 by
241.462 616.72 11.9522 8.06976 our
255.88 616.72 30.6472 8.06976 observa-

47.4565 627.677 19.6812 8.06976 tions.
69.2449 627.677 13.9428 8.06976 The
85.2947 627.677 15.9423 8.06976 total
103.344 627.677 22.9092 8.06976 period
128.36 627.677 25.3928 8.06976 change
155.86 627.677 5.98059 8.06976 is
163.948 627.677 11.208 8.06976 6.4
177.272 627.077 7.02966 8.9664 ×
186.409 627.677 8.9664 8.06976 10
195.376 626.075 7.65133 5.9776 −4
205.633 627.689 3.48793 8.06976 s
211.228 627.689 22.694 8.06976 giving
236.029 627.689 3.98108 8.06976 a
242.118 627.689 19.4212 8.06976 mean
263.646 627.689 22.9092 8.06976 period

47.457 638.646 35.0497 8.06976 derivative
84.2641 638.646 12.9744 8.06976 (Ṗ)
98.9959 638.646 7.46901 8.06976 of
108.213 638.646 15.6912 8.06976 2.65
125.662 638.045 7.02966 8.9664 ×
134.449 638.646 8.9664 8.06976 10
143.403 637.034 10.6407 5.9776 −10
156.294 638.648 3.48793 8.06976 s
161.536 638.648 3.48793 8.06976 s
165.024 637.034 7.65133 5.9776 −1
173.173 638.648 2.2416 8.06976 .
177.172 638.648 13.9428 8.06976 The
192.863 638.648 31.8756 8.06976 direction
226.487 638.648 7.46901 8.06976 of
235.705 638.648 10.9569 8.06976 the
248.41 638.648 20.1834 8.06976 effect
270.342 638.648 5.98059 8.06976 is
278.071 638.648 8.46428 8.06976 an

47.4551 649.605 30.8713 8.06976 apparent
79.7969 649.605 42.3393 8.06976 lengthening
123.607 649.605 7.46901 8.06976 of
132.546 649.605 10.9569 8.06976 the
144.974 649.605 18.9281 8.06976 pulse
165.372 649.605 25.1508 8.06976 period.
191.993 649.605 9.96167 8.06976 As
203.426 649.605 10.9569 8.06976 the
215.853 649.605 29.3829 8.06976 distance
246.706 649.605 6.97586 8.06976 to
255.153 649.605 10.9569 8.06976 the
267.58 649.605 18.937 8.06976 SMC

47.4551 660.562 5.98059 8.06976 is
55.6773 660.562 24.1824 8.06976 known
82.1013 660.562 6.97586 8.06976 to
91.3187 660.562 22.9181 8.06976 within
116.478 660.562 8.9664 8.06976 10
127.686 660.562 11.4501 8.06976 per
141.378 660.562 14.938 8.06976 cent
158.558 660.562 10.4548 8.06976 we
171.254 660.562 12.4454 8.06976 can
185.941 660.562 29.885 8.06976 estimate
218.068 660.562 10.9569 8.06976 the
231.266 660.562 20.3358 8.06976 likely
253.844 660.562 32.6915 8.06976 contribu-

47.4551 671.519 17.4396 8.06976 tions
67.2888 671.519 6.97586 8.06976 to
76.6587 671.519 18.9281 8.06976 pulse
97.9808 671.519 22.9092 8.06976 period
123.284 671.519 33.893 8.06976 variation,
159.571 671.519 12.9475 8.06976 due
174.912 671.519 6.97586 8.06976 to
184.282 671.519 32.8619 8.06976 accretion
219.538 671.519 26.3971 8.06976 torques
248.329 671.519 12.9475 8.06976 and
263.671 671.519 22.9092 8.06976 binary

47.4551 682.476 27.6524 8.06976 motion.
77.4836 682.476 13.9428 8.06976 The
93.8024 682.476 36.3677 8.06976 maximum
132.546 682.476 29.3919 8.06976 possible
164.314 682.476 14.947 8.06976 spin
181.637 682.476 35.0497 8.06976 derivative
219.063 682.476 19.5647 8.06976 given
241.004 682.476 10.9569 8.06976 the
254.337 682.476 32.2342 8.06976 observed

47.4551 693.433 40.026 8.06976 luminosity,
90.2786 693.433 13.8531 8.06976 was
106.929 693.433 36.3498 8.06976 calculated
146.077 693.433 19.4302 8.06976 using
168.304 693.433 10.9569 8.06976 the
182.059 693.433 30.3782 8.06976 standard
215.234 693.433 22.416 8.06976 model
240.448 693.433 10.4548 8.06976 for
253.7 693.433 32.8619 8.06976 accretion

47.4551 704.39 22.9092 8.06976 torque
72.6059 704.39 7.46901 8.06976 as
82.3165 704.39 34.3592 8.06976 described
118.917 704.39 10.6252 8.06976 by,
131.784 704.39 10.4548 8.06976 for
144.481 704.39 32.4853 8.06976 example,
179.207 704.39 37.354 8.06976 Rappaport
218.803 704.39 6.97586 8.06976 &
228.02 704.39 14.947 8.06976 Joss
245.209 704.39 26.146 8.06976 (1977).

47.9572 725.828 4.98532 7.69317 L
53.8047 729.137 2.65405 5.12878 x

71.5551 719.555 8.39255 7.69317 Iν

71.3658 732.206 5.47847 7.69317 R
77.0864 735.503 2.65405 5.12878 x

88.0263 725.571 14.4269 8.06976 16π
102.454 723.909 2.9888 5.37984 4
106.111 725.84 6.47374 7.69317 G
113.759 725.84 7.46901 7.69317 M
121.443 729.137 2.65405 5.12878 x
125.127 724.97 4.23214 8.9664 ν

134.464 720.211 2.49065 4.48317 1
136.457 721.3 2.80947 5.9776 /
138.27 723.531 2.49065 4.48317 3

310.47 63.235 47.3067 8.06976 Re-arranging
359.884 63.235 16.7941 8.06976 forν
379.323 63.235 12.9475 8.06976 and
394.378 63.235 26.406 8.06976 solving
422.891 63.235 10.4548 8.06976 for
435.453 63.235 3.98108 8.06976 a
441.541 63.235 22.1649 8.06976 1.4-M
473.506 63.235 27.3924 8.06976 neutron
503.006 63.235 12.9475 8.06976 star
518.06 63.235 7.46901 8.06976 of
527.636 63.235 21.9139 8.06976 radius

310.461 74.1919 8.9664 8.06976 15
322.333 74.1919 13.7007 8.06976 km,
338.939 74.1919 31.8756 8.06976 radiating
373.719 74.1919 8.9664 8.06976 10
382.708 72.9804 5.9782 5.37984 38
392.093 74.1938 11.2887 8.06976 erg
406.296 74.1938 3.48793 8.06976 s
409.78 72.5799 7.65133 5.9776 −1
420.838 74.1938 12.9475 8.06976 and
436.691 74.1938 30.8892 8.06976 spinning
470.485 74.1938 16.9286 8.06976 once
490.319 74.1938 19.5557 8.06976 every
512.78 74.1938 20.1744 8.06976 4.782
535.859 74.1938 13.6917 8.06976 sec,

310.471 85.1507 18.5694 8.06976 gives
331.676 85.1507 3.98108 8.06976 a
338.294 85.1507 36.3677 8.06976 maximum
377.297 85.1507 26.8992 8.06976 spin-up
406.833 85.1507 13.4406 8.06976 rate
422.91 85.1507 7.46901 8.06976 of
433.015 85.1507 15.6912 8.06976 1.52
451.324 84.55 7.02966 8.9664 ×
460.99 85.1507 8.9664 8.06976 10
469.954 83.5387 10.6407 5.9776 −11
483.726 85.1527 10.4548 8.06976 Hz
496.817 85.1527 3.48793 8.06976 s
500.302 83.5387 7.65133 5.9776 −1
508.452 85.1527 2.2416 8.06976 .
513.328 85.1527 9.95988 8.06976 As
525.922 84.5519 12.9708 8.9664 ν/ν
542.578 84.5519 6.99379 8.9664 =

310.465 95.5089 27.3386 8.9664 −P/Ṗ,
340.273 96.1096 10.4584 8.06976 we
353.2 96.1096 25.3552 8.06976 haveṖ
379.289 99.4979 10.2946 5.37984 max
392.952 95.5109 6.99379 8.9664 =
402.815 96.1117 15.9154 8.06976 3.49
420.873 95.5109 7.02966 8.9664 ×
430.046 96.1117 8.9664 8.06976 10
439.017 94.4976 10.6407 5.9776 −10
452.625 96.1117 3.48793 8.06976 s
458.581 96.1117 3.48793 8.06976 s
462.07 94.4976 7.65133 5.9776 −1
470.219 96.1117 2.2416 8.06976 .
474.926 96.1117 15.9423 8.06976 This
493.334 96.1117 5.98059 8.06976 is
501.781 96.1117 24.9087 8.06976 similar
529.155 96.1117 6.97586 8.06976 to
538.597 96.1117 10.9569 8.06976 the

310.474 107.069 43.8726 8.06976 observedṖ,
356.731 107.069 11.2797 8.06976 but
370.396 107.069 5.98059 8.06976 is
378.762 107.069 7.46901 8.06976 of
388.616 107.069 10.9569 8.06976 the
401.958 107.069 30.3871 8.06976 opposite
434.73 107.069 17.1886 8.06976 sign.
454.304 107.069 11.7281 8.06976 We
468.417 107.069 15.4401 8.06976 note
486.242 107.069 13.4496 8.06976 that
502.077 107.069 37.632 8.06976 spin-down
542.094 107.069 7.46901 8.06976 as

310.483 118.026 15.4401 8.06976 well
328.918 118.026 7.46901 8.06976 as
339.381 118.026 26.8992 8.06976 spin-up
369.275 118.026 11.9522 8.06976 has
384.222 118.026 16.9286 8.06976 been
404.146 118.026 15.9333 8.06976 seen
423.074 118.026 10.4548 8.06976 for
436.523 118.026 3.98108 8.06976 a
443.499 118.026 27.3924 8.06976 number
473.886 118.026 7.46901 8.06976 of
484.35 118.026 20.9096 8.06976 X-ray
508.255 118.026 25.4018 8.06976 pulsars
536.651 118.026 12.9475 8.06976 e.g.

310.483 128.982 29.894 8.06976 Bildsten
342.591 128.982 26.146 8.06976 (1998),
370.952 128.982 12.9475 8.06976 and
386.114 128.982 13.4496 8.06976 that
401.779 128.982 10.9569 8.06976 the
414.95 128.982 37.632 8.06976 spin-down
454.797 128.982 16.9286 8.06976 rates
473.94 128.982 15.4401 8.06976 may
491.595 128.982 8.46428 8.06976 be
502.274 128.982 24.9087 8.06976 similar
529.397 128.982 6.97586 8.06976 to
538.588 128.982 10.9569 8.06976 the

310.483 139.939 26.8992 8.06976 spin-up
339.623 139.939 19.1702 8.06976 rates.

319.449 150.896 5.97162 8.06976 If
328.308 150.896 17.4307 8.06976 XTE
348.626 150.896 41.8641 8.06976 J0052−723
393.377 150.896 5.98059 8.06976 is
402.245 150.896 24.9087 8.06976 similar
430.041 150.896 6.97586 8.06976 to
439.904 150.896 18.426 8.06976 other
461.217 150.896 9.96167 8.06976 Be
474.066 150.896 32.6287 8.06976 HMXBs,
509.582 150.896 15.4401 8.06976 then
527.909 150.896 8.47325 8.06976 its
539.269 150.896 10.2755 8.06976 or-

310.483 161.853 15.9423 8.06976 bital
328.057 161.853 22.9092 8.06976 period
352.598 161.853 15.4401 8.06976 may
369.67 161.853 8.46428 8.06976 be
379.766 161.853 31.7321 8.06976 expected
413.13 161.853 17.4307 8.06976 from
432.193 161.853 10.9569 8.06976 the
445.553 162.122 5.47847 7.69317 P
451.754 165.251 12.9559 5.37984 Pulse
465.206 161.264 10.4817 8.9664 /P
476.423 165.251 12.6211 5.37984 Orbit
491.169 161.865 29.3829 8.06976 diagram
522.183 161.865 27.3924 8.06976 (Corbet

310.469 172.822 20.9186 8.06976 1986)
333.746 172.822 6.97586 8.06976 to
343.08 172.822 8.46428 8.06976 be
353.893 172.221 15.9602 8.9664 ∼20
372.211 172.822 6.97586 8.06976 to
381.545 172.822 8.9664 8.06976 40
392.87 172.822 6.7248 8.06976 d,
401.953 172.822 41.8283 8.06976 comparable
446.139 172.822 15.9423 8.06976 with
464.44 172.822 10.9569 8.06976 the
477.755 172.822 29.885 8.06976 duration
509.998 172.822 7.46901 8.06976 of
519.825 172.822 12.9564 8.06976 this
535.14 172.822 14.4449 8.06976 out-

310.469 183.779 19.9951 8.06976 burst.

319.435 194.736 9.24436 8.06976 To
332.096 194.736 29.885 8.06976 estimate
365.397 194.736 10.9569 8.06976 the
379.77 194.736 29.3919 8.06976 possible
412.578 194.736 43.6574 8.06976 contribution
459.652 194.736 7.46901 8.06976 of
470.537 194.736 23.4113 8.06976 orbital
497.364 194.736 29.3829 8.06976 Doppler
530.163 194.736 19.4302 8.06976 shifts

310.469 205.693 6.97586 8.06976 to
320.502 205.693 10.9569 8.06976 the
334.517 205.693 32.2342 8.06976 observed
369.808 205.693 18.9281 8.06976 pulse
391.794 205.693 22.9092 8.06976 period
417.761 205.693 28.8808 8.06976 changes
449.699 205.693 10.4548 8.06976 we
463.211 205.693 19.4212 8.06976 made
485.69 205.693 3.98108 8.06976 a
492.729 205.693 23.9134 8.06976 simple
519.7 205.693 29.885 8.06976 estimate

310.469 216.65 7.46901 8.06976 of
320.484 216.65 10.9569 8.06976 the
333.988 216.65 23.4113 8.06976 orbital
359.945 216.65 28.7552 8.06976 velocity
391.247 216.65 7.46901 8.06976 of
401.263 216.65 10.9569 8.06976 the
414.766 216.65 27.3924 8.06976 neutron
444.705 216.65 12.9475 8.06976 star
460.199 216.65 12.9475 8.06976 and
475.693 216.65 35.3545 8.06976 compared
513.594 216.65 12.9564 8.06976 this
529.096 216.65 6.97586 8.06976 to
538.619 216.65 10.9569 8.06976 the

310.469 227.607 33.364 8.06976 projected
346.164 227.607 28.7552 8.06976 velocity
377.25 227.607 27.4013 8.06976 implied
406.983 227.607 8.9664 8.06976 by
418.281 227.607 10.9569 8.06976 the
431.569 227.607 32.2342 8.06976 observed
466.134 227.607 25.3928 8.06976 change
493.859 227.607 6.97586 8.06976 in
503.166 227.607 18.9281 8.06976 pulse
524.425 227.607 25.1508 8.06976 period.

310.469 238.564 11.7281 8.06976 We
324.698 238.564 26.3971 8.06976 assume
353.597 238.564 3.98108 8.06976 a
360.08 238.564 19.9233 8.06976 10-M
390.189 238.564 30.0464 8.06976 primary,
422.737 238.564 8.46428 8.06976 an
433.703 238.564 23.4113 8.06976 orbital
459.616 238.564 22.9092 8.06976 period
485.027 238.564 7.46901 8.06976 of
494.997 238.564 8.9664 8.06976 30
506.465 238.564 6.7248 8.06976 d,
515.692 238.564 3.98108 8.06976 a
522.174 238.564 27.3834 8.06976 circular

310.469 249.521 16.9375 8.06976 orbit
330.123 249.521 12.9475 8.06976 and
345.778 249.521 56.6497 8.06976 negligible-mass
405.136 249.521 38.0086 8.06976 secondary.
445.861 249.521 13.9428 8.06976 The
462.512 249.521 23.4113 8.06976 orbital
488.64 249.521 21.9139 8.06976 radius
513.271 249.521 10.4548 8.06976 for
526.433 249.521 16.4354 8.06976 such
545.586 249.521 3.98108 8.06976 a

310.469 260.478 24.9087 8.06976 system
338.686 260.478 5.98059 8.06976 is
347.975 260.478 11.208 8.06976 6.1
362.483 259.877 7.02966 8.9664 ×
372.821 260.478 8.9664 8.06976 10
381.789 259.282 2.9888 5.37984 7
388.582 260.495 13.7007 8.06976 km,
405.592 260.495 12.9475 8.06976 and
421.848 260.495 10.9569 8.06976 the
436.113 260.495 23.4113 8.06976 orbital
462.833 260.495 28.7552 8.06976 velocity
494.897 260.495 5.98059 8.06976 is
504.186 260.495 13.4496 8.06976 147
520.944 260.495 11.4591 8.06976 km
535.712 260.495 3.48793 8.06976 s
539.183 258.881 7.65133 5.9776 −1
547.332 260.495 2.2416 8.06976 .

310.467 271.452 5.97162 8.06976 If
319.074 271.452 10.9569 8.06976 the
332.667 271.452 24.8907 8.06976 correct
360.194 271.452 24.4065 8.06976 optical
387.237 271.452 40.833 8.06976 counterpart
430.706 271.452 5.98059 8.06976 is
439.323 271.452 10.9569 8.06976 the
452.916 271.452 9.96167 8.06976 Be
465.514 271.452 12.9475 8.06976 star
481.097 271.452 10.4548 8.06976 we
494.188 271.452 16.6147 8.06976 have
513.439 271.452 36.1167 8.06976 identiﬁed,

310.467 282.409 15.4401 8.06976 then
328.857 282.409 10.9569 8.06976 the
342.764 282.409 38.3583 8.06976 inclination
384.072 282.409 7.46901 8.06976 of
394.491 282.409 10.9569 8.06976 the
408.398 282.409 24.9087 8.06976 system
436.256 282.409 17.4396 8.06976 must
456.646 282.409 8.46428 8.06976 be
468.06 282.409 19.3316 8.06976 fairly
490.342 282.409 15.9423 8.06976 high
509.234 282.409 6.97586 8.06976 to
519.16 282.409 30.3692 8.06976 generate

310.467 293.366 10.9569 8.06976 the
324.365 293.366 52.6955 8.06976 double-peaked
380.001 293.366 27.8855 8.06976 spectral
410.828 293.366 13.4496 8.06976 line
427.218 293.366 25.6529 8.06976 proﬁle.
455.812 293.366 24.6845 8.06976 Taking
483.437 293.366 10.9569 8.06976 the
497.335 293.366 36.3677 8.06976 maximum
536.644 293.366 12.9475 8.06976 and

310.467 304.323 34.8793 8.06976 minimum
347.686 304.323 34.3592 8.06976 measured
384.386 304.323 22.685 8.06976 values
409.411 304.323 10.4548 8.06976 for
422.206 304.323 10.9569 8.06976 the
435.503 304.323 18.9281 8.06976 pulse
456.771 304.323 22.9092 8.06976 period
482.021 304.323 7.46901 8.06976 as
491.83 304.323 19.5647 8.06976 given
513.735 304.323 6.97586 8.06976 in
523.051 304.323 19.6992 8.06976 Table
545.09 304.323 4.4832 8.06976 2

310.467 315.28 26.406 8.06976 implies
339.114 315.28 3.98108 8.06976 a
345.337 315.28 28.7552 8.06976 velocity
376.334 315.28 15.9423 8.06976 shift
394.518 315.28 7.46901 8.06976 of
404.228 315.28 8.9664 8.06976 38
415.436 315.28 11.4591 8.06976 km
429.137 315.28 3.48793 8.06976 s
432.628 313.676 7.65133 5.9776 −1
440.778 315.29 2.2416 8.06976 .

319.435 326.247 11.7281 8.06976 We
333.943 326.247 32.3597 8.06976 therefore
369.082 326.247 32.3687 8.06976 conclude
404.23 326.247 13.4496 8.06976 that
420.46 326.247 10.9569 8.06976 the
434.196 326.247 32.2342 8.06976 observed
469.21 326.247 35.1393 8.06976 variations
507.129 326.247 6.97586 8.06976 in
516.884 326.247 10.9569 8.06976 the
530.621 326.247 18.9281 8.06976 pulse

310.469 337.204 22.9092 8.06976 period
335.431 337.204 15.4401 8.06976 may
352.916 337.204 16.6147 8.06976 have
371.584 337.204 47.1453 8.06976 contributions
420.782 337.204 17.4307 8.06976 from
440.257 337.204 15.9423 8.06976 both
458.253 337.204 23.4113 8.06976 orbital
483.718 337.204 29.3829 8.06976 Doppler
515.145 337.204 19.4302 8.06976 shifts
536.628 337.204 12.9475 8.06976 and

310.469 348.16 32.8619 8.06976 accretion
345.868 348.16 28.6387 8.06976 torques.
377.044 348.16 7.46901 8.06976 In
387.051 348.16 18.9191 8.06976 order
408.507 348.16 6.97586 8.06976 to
418.021 348.16 29.876 8.06976 measure
450.434 348.16 10.9569 8.06976 the
463.929 348.16 47.1453 8.06976 contributions
513.612 348.16 7.46901 8.06976 of
523.618 348.16 15.9423 8.06976 both
542.098 348.16 7.46901 8.06976 of

310.469 359.117 18.426 8.06976 these
330.867 359.117 25.9129 8.06976 effects,
358.753 359.117 12.9475 8.06976 and
373.673 359.117 6.97586 8.06976 to
382.621 359.117 35.8566 8.06976 determine
420.451 359.117 10.9569 8.06976 the
433.38 359.117 23.4113 8.06976 orbital
458.764 359.117 39.3356 8.06976 parameters
500.072 359.117 7.46901 8.06976 of
509.514 359.117 10.9569 8.06976 the
522.443 359.117 27.1503 8.06976 system,

310.469 370.074 18.426 8.06976 more
331.136 370.074 33.3729 8.06976 extensive
366.751 370.074 18.9281 8.06976 pulse
387.921 370.074 23.4202 8.06976 timing
413.582 370.074 51.2968 8.06976 measurements
467.121 370.074 10.948 8.06976 are
480.31 370.074 32.1176 8.06976 required.

310.469 397.556 4.4832 7.8994 5
320.601 397.556 6.47374 7.8994 C
328.24 397.556 6.97586 7.8994 O
336.382 397.556 6.47374 7.8994 N
344.021 397.556 6.47374 7.8994 C
351.66 397.556 5.98059 7.8994 L
358.807 397.556 6.47374 7.8994 U
366.446 397.556 4.98532 7.8994 S
372.597 397.556 3.48793 7.8994 I
377.251 397.556 6.97586 7.8994 O
385.392 397.556 6.47374 7.8994 N
393.031 397.556 4.98532 7.8994 S

310.469 413.929 17.4307 8.06976 XTE
330.392 413.929 41.8641 8.06976 J0052−723
374.749 413.929 11.9522 8.06976 has
389.194 413.929 16.9286 8.06976 been
408.615 413.929 33.8751 8.06976 identiﬁed
444.983 413.929 7.46901 8.06976 as
454.944 413.929 3.98108 8.06976 a
461.418 413.929 30.8803 8.06976 transient
494.791 413.929 20.9096 8.06976 X-ray
518.193 413.929 21.9139 8.06976 pulsar
542.6 413.929 6.97586 8.06976 in

310.469 424.886 10.9569 8.06976 the
324.035 424.886 21.1786 8.06976 SMC.
347.823 424.886 5.47847 8.06976 It
355.911 424.886 13.8531 8.06976 was
372.373 424.886 32.2342 8.06976 observed
407.216 424.886 6.97586 8.06976 in
416.801 424.886 20.9096 8.06976 X-ray
440.32 424.886 29.2125 8.06976 outburst
472.142 424.886 17.4307 8.06976 from
492.182 424.886 17.9328 8.06976 2000
512.724 424.886 36.8429 8.06976 December

310.469 435.843 8.9664 8.06976 27
322.349 435.843 6.97586 8.06976 to
332.239 435.843 17.9328 8.06976 2001
353.086 435.843 27.8855 8.06976 January
383.886 435.843 11.208 8.06976 16.
398.008 435.843 54.7847 8.06976 Non-detections
455.707 435.843 22.9002 8.06976 before
481.521 435.843 12.9475 8.06976 and
497.382 435.843 16.4264 8.06976 after
516.723 435.843 32.8708 8.06976 constrain

310.469 446.8 10.9569 8.06976 the
323.165 446.8 29.885 8.06976 duration
354.79 446.8 7.46901 8.06976 of
363.998 446.8 10.9569 8.06976 the
376.695 446.8 29.2125 8.06976 outburst
407.647 446.8 6.97586 8.06976 to
416.362 446.8 8.46428 8.06976 be
426.566 446.8 8.9664 8.06976 36
437.272 446.199 6.99379 8.9664 ±
446.005 446.8 4.4832 8.06976 5
452.228 446.8 6.7248 8.06976 d.
460.692 446.8 13.9428 8.06976 The
476.374 446.8 16.9286 8.06976 peak
495.042 446.8 20.9096 8.06976 X-ray
517.691 446.8 31.8845 8.06976 luminos-

310.469 457.757 9.46852 8.06976 ity
322.349 457.757 27.8765 8.06976 reached
352.647 457.156 15.9602 8.9664 ∼10
368.609 456.567 5.9782 5.37984 38
377.502 457.78 11.2887 8.06976 erg
391.211 457.78 3.48793 8.06976 s
394.695 456.166 7.65133 5.9776 −1
402.845 457.78 2.2416 8.06976 .
407.507 457.78 10.9569 8.06976 An
420.876 457.78 20.9096 8.06976 X-ray
444.198 457.78 32.8708 8.06976 spectrum
479.481 457.78 30.8803 8.06976 obtained
512.773 457.78 23.4113 8.06976 during
538.596 457.78 10.9569 8.06976 the

310.473 468.737 25.895 8.06976 decline
339.031 468.737 7.46901 8.06976 of
349.163 468.737 10.9569 8.06976 the
362.783 468.737 29.2125 8.06976 outburst
394.658 468.737 13.8531 8.06976 was
411.175 468.737 26.3971 8.06976 equally
440.235 468.737 15.4401 8.06976 well
458.365 468.737 18.4349 8.06976 ﬁtted
479.463 468.737 8.9664 8.06976 by
491.092 468.737 3.98108 8.06976 a
497.736 468.737 24.1734 8.06976 cut-off
524.573 468.737 24.9894 8.06976 power-

310.473 479.694 12.813 8.06976 law
326.962 479.694 8.10563 8.06976 (α
339.094 479.093 6.99379 8.9664 =
349.764 479.694 13.4496 8.06976 1.7,
367.508 479.963 5.47847 7.69317 E
373.787 483.084 7.30582 5.37984 cut
385.262 479.097 6.99379 8.9664 =
395.932 479.698 8.9664 8.06976 15
408.574 479.698 17.8342 8.06976 keV)
430.076 479.698 7.46901 8.06976 or
441.221 479.698 55.2868 8.06976 bremsstrahlung
500.175 479.698 22.416 8.06976 model
526.258 479.698 11.9522 8.06976 (kT
542.586 479.097 6.99379 8.9664 =

310.473 490.655 20.1708 8.06976 19.47
332.849 490.655 20.0722 8.06976 keV),
355.126 490.655 15.9396 8.06976 both
373.27 490.655 32.8636 8.06976 requiring
408.339 490.655 3.98108 8.06976 a
414.524 490.655 17.7589 8.06976 large
434.488 490.655 26.8947 8.06976 amount
463.588 490.655 7.46811 8.06976 of
473.261 490.655 35.3563 8.06976 absorbing
510.822 490.655 11.9504 8.06976 gas
524.977 490.655 9.54832 8.06976 (N
535.562 494.043 4.31583 5.37984 H
542.58 490.056 6.99379 8.9664 >

310.467 501.614 4.4832 8.06976 2
318.536 501.013 7.02966 8.9664 ×
329.153 501.614 8.9664 8.06976 10
338.123 500.403 5.9782 5.37984 22
348.187 501.616 10.9569 8.06976 cm
359.144 500.002 7.65133 5.9776 −2
367.293 501.616 2.98581 8.06976 )
373.865 501.616 24.8997 8.06976 around
402.352 501.616 10.9569 8.06976 the
416.895 501.616 27.3924 8.06976 neutron
447.874 501.616 14.6959 8.06976 star.
466.157 501.616 6.47374 8.06976 A
476.217 501.616 44.823 8.06976 pulse-period
524.627 501.616 24.9445 8.06976 deriva-

310.473 512.573 13.0909 8.06976 tive
326.092 512.573 13.8531 8.06976 was
342.474 512.573 32.1176 8.06976 detected,
377.12 512.573 15.9423 8.06976 with
395.591 512.573 8.46428 8.06976 an
406.584 512.573 35.8656 8.06976 amplitude
444.978 512.573 35.8656 8.06976 consistent
483.372 512.573 15.9423 8.06976 with
501.843 512.573 13.4496 8.06976 that
517.821 512.573 31.7321 8.06976 expected

310.473 523.53 10.4548 8.06976 for
323.08 523.53 22.9092 8.06976 binary
348.141 523.53 27.6524 8.06976 motion.
377.945 523.53 13.9428 8.06976 The
394.04 523.53 20.9096 8.06976 X-ray
417.101 523.53 23.4023 8.06976 source
442.656 523.53 28.8987 8.06976 position
473.706 523.53 13.8531 8.06976 was
489.711 523.53 32.3687 8.06976 localized
524.232 523.53 8.9664 8.06976 by
535.35 523.53 14.2566 8.06976 per-

310.473 534.487 28.8897 8.06976 forming
341.066 534.487 21.9408 8.06976 slews.
364.711 534.487 26.3971 8.06976 Optical
392.811 534.487 41.3441 8.06976 photometry
435.859 534.487 13.8531 8.06976 was
451.416 534.487 16.4354 8.06976 used
469.555 534.487 6.97586 8.06976 to
478.234 534.487 22.9002 8.06976 search
502.838 534.487 10.4548 8.06976 for
514.997 534.487 8.46428 8.06976 an
525.165 534.487 24.4065 8.06976 optical

310.473 545.444 40.833 8.06976 counterpart
352.75 545.444 23.4113 8.06976 during
377.604 545.444 10.9569 8.06976 the
390.005 545.444 20.9096 8.06976 X-ray
412.358 545.444 31.4541 8.06976 outburst.
445.256 545.444 48.2213 8.06976 Spectroscopy
494.921 545.444 7.46901 8.06976 of
503.833 545.444 28.8808 8.06976 selected
534.158 545.444 15.4312 8.06976 can-

310.473 556.401 25.4018 8.06976 didates
337.498 556.401 11.9522 8.06976 has
351.073 556.401 33.8751 8.06976 identiﬁed
386.571 556.401 10.9569 8.06976 the
399.151 556.401 31.3734 8.06976 probable
432.147 556.401 43.0746 8.06976 counterpart,
476.845 556.401 21.9139 8.06976 which
500.381 556.401 5.98059 8.06976 is
507.985 556.401 3.98108 8.06976 a
513.589 556.401 35.9642 8.06976 B0V-B1V

310.473 567.358 18.937 8.06976 SMC
331.302 567.358 31.2658 8.06976 member,
364.46 567.358 36.2332 8.06976 exhibiting
402.585 567.358 3.98108 8.06976 a
408.458 567.358 24.6576 8.06976 strong,
435.007 567.358 24.4065 8.06976 double
461.306 567.358 25.3032 8.06976 peaked
488.501 567.358 11.5936 8.06976 Hα
502.354 567.358 31.8845 8.06976 emission
536.13 567.358 13.4496 8.06976 line

310.473 578.315 16.9286 8.06976 (EW
329.679 577.714 6.99379 8.9664 =
338.952 577.714 33.5325 8.9664 −43.3Å,
374.762 578.315 6.47374 8.06976 V
381.238 581.715 25.5716 5.37984 Separation
409.582 577.728 6.99379 8.9664 =
418.853 578.328 13.4496 8.06976 200
434.58 577.728 6.99379 8.9664 ±
443.851 578.328 8.9664 8.06976 15
455.095 578.328 11.4591 8.06976 km
468.831 578.328 3.48793 8.06976 s
472.333 576.714 7.65133 5.9776 −1
480.483 578.328 5.22741 8.06976 ).
487.987 578.328 30.9251 8.06976 Archival
521.19 578.328 28.3787 8.06976 infrared

310.471 589.285 41.3441 8.06976 magnitudes
354.056 589.285 28.3876 8.06976 indicate
384.686 589.285 8.46428 8.06976 an
395.391 589.285 8.9664 8.06976 IR
406.599 589.285 23.2678 8.06976 excess
432.109 589.285 7.46901 8.06976 as
441.819 589.285 31.7321 8.06976 expected
475.793 589.285 10.4548 8.06976 for
488.49 589.285 3.98108 8.06976 a
494.712 589.285 9.96167 8.06976 Be
506.916 589.285 14.6959 8.06976 star.

319.437 600.242 15.9423 8.06976 This
338.123 600.242 34.5924 8.06976 discovery
375.459 600.242 24.3976 8.06976 further
402.6 600.242 32.8619 8.06976 increases
438.206 600.242 10.9569 8.06976 the
451.907 600.242 27.3924 8.06976 number
482.043 600.242 7.46901 8.06976 of
492.255 600.242 24.1824 8.06976 known
519.182 600.242 30.3871 8.06976 HMXBs

310.471 611.199 6.97496 8.06976 in
319.525 611.199 12.9538 8.06976 this
334.558 611.199 40.3228 8.06976 remarkable
376.96 611.199 25.5578 8.06976 galaxy.
404.606 611.199 5.47757 8.06976 It
412.163 611.199 5.97969 8.06976 is
420.222 611.199 35.3572 8.06976 becoming
457.659 611.199 43.8179 8.06976 increasingly
503.556 611.199 17.4181 8.06976 clear
523.062 611.199 13.4469 8.06976 that
538.588 611.199 10.9551 8.06976 the

310.471 622.156 18.937 8.06976 SMC
332.456 622.156 29.885 8.06976 contains
365.39 622.156 8.46428 8.06976 an
376.903 622.156 34.8703 8.06976 unusually
414.822 622.156 15.9423 8.06976 high
433.812 622.156 38.161 8.06976 abundance
475.022 622.156 7.46901 8.06976 of
485.54 622.156 28.5311 8.06976 massive
517.119 622.156 16.4354 8.06976 stars
536.603 622.156 12.9475 8.06976 and

310.471 633.113 10.9569 8.06976 the
324.413 633.113 40.8509 8.06976 domination
368.25 633.113 7.46901 8.06976 of
378.705 633.113 10.9569 8.06976 the
392.648 633.113 26.8992 8.06976 HMXB
422.533 633.113 38.3583 8.06976 population
463.877 633.113 8.9664 8.06976 by
475.829 633.113 33.364 8.06976 Be/X-ray
512.179 633.113 28.3876 8.06976 binaries
543.552 633.113 5.98059 8.06976 is

310.471 644.07 37.614 8.06976 intriguing.
350.972 644.07 13.9428 8.06976 Our
367.802 644.339 21.4207 7.69317 RXTE
392.316 644.07 39.8556 8.06976 monitoring
435.059 644.07 41.3351 8.06976 programme
479.281 644.07 34.3682 8.06976 continues
516.536 644.07 6.97586 8.06976 to
526.4 644.07 23.1871 8.06976 follow

310.48 655.027 10.9569 8.06976 the
322.719 655.027 32.7005 8.06976 outbursts
356.701 655.027 7.46901 8.06976 of
365.453 655.027 10.9569 8.06976 the
377.692 655.027 24.9356 8.06976 SMC’s
403.91 655.027 20.9096 8.06976 X-ray
426.101 655.027 25.4018 8.06976 pulsars
452.785 655.027 12.9475 8.06976 and
467.015 655.027 23.4113 8.06976 results
491.709 655.027 8.9664 8.06976 on
501.957 655.027 10.9569 8.06976 the
514.196 655.027 35.3635 8.06976 long-term

310.48 665.984 35.6773 8.06976 behaviour
348.228 665.984 7.46901 8.06976 of
357.768 665.984 3.98108 8.06976 a
363.821 665.984 17.7624 8.06976 large
383.654 665.984 27.8855 8.06976 fraction
413.611 665.984 7.46901 8.06976 of
423.151 665.984 13.4496 8.06976 that
438.672 665.984 38.3583 8.06976 population
479.102 665.984 13.9517 8.06976 will
495.125 665.984 8.46428 8.06976 be
505.66 665.984 34.8703 8.06976 published
542.602 665.984 6.97586 8.06976 in

310.48 676.941 10.9569 8.06976 the
323.678 676.941 15.4312 8.06976 near
341.351 676.941 23.6534 8.06976 future.

310.48 704.423 13.62 7.8994 AC
325.265 704.423 6.97586 7.8994 K
333.407 704.423 6.47374 7.8994 N
341.046 704.423 16.6596 7.8994 OW
358.871 704.423 5.98059 7.8994 L
366.018 704.423 5.98059 7.8994 E
373.164 704.423 6.47374 7.8994 D
380.803 704.423 6.97586 7.8994 G
388.945 704.423 8.46428 7.8994 M
398.575 704.423 5.98059 7.8994 E
405.721 704.423 6.47374 7.8994 N
413.36 704.423 5.98059 7.8994 T
420.506 704.423 4.98532 7.8994 S

310.48 720.795 22.416 8.06976 SGTL
334.528 720.795 5.98059 8.06976 is
342.14 720.795 6.97586 8.06976 in
350.748 720.795 24.3976 8.06976 receipt
376.777 720.795 7.46901 8.06976 of
385.878 720.795 3.98108 8.06976 a
391.491 720.795 27.5806 8.06976 PPARC
420.704 720.795 43.0925 8.06976 studentship.
465.428 720.795 15.9423 8.06976 This
483.002 720.795 18.3363 8.06976 work
502.97 720.795 11.9522 8.06976 has
516.554 720.795 19.4212 8.06976 made
537.608 720.795 11.9522 8.06976 use

310.48 731.752 7.46901 8.06976 of
319.392 731.752 10.9569 8.06976 the
331.793 731.752 34.5565 8.06976 SIMBAD
367.793 731.752 14.938 8.06976 data
384.174 731.752 18.1749 8.06976 base,
403.793 731.752 30.8713 8.06976 operated
436.108 731.752 6.47374 8.06976 at
444.025 731.752 19.6812 8.06976 CDS,
465.15 731.752 40.9316 8.06976 Strasbourg,
507.525 731.752 26.6392 8.06976 France.
535.608 731.752 13.9428 8.06976 The

431.241 753.372 3.32253 4.48317 C
437.984 752.384 15.9402 7.17309 2003
455.917 752.384 17.4944 7.17309 RAS,
475.404 752.384 28.3417 7.17309 MNRAS
505.738 752.439 13.9477 7.02166 339,
521.678 752.384 27.8954 7.17309 435–441

571.418 178.061 7.408 44.464 Downloaded
571.418 224.741 7.408 15.992 from
571.418 242.949 7.408 241.32 https://academic.oup.com/mnras/article-abstract/339/2/435/1005209
571.418 486.485 7.408 8.448 by
571.418 497.149 7.408 21.312 INRIA
571.418 520.677 7.408 15.56 user
571.418 538.453 7.408 8.896 on
571.418 549.565 7.408 8.896 31
571.418 560.677 7.408 28.44 October
571.418 591.333 7.408 17.792 2018

432.979 39.5188 21.2563 10.2576 XTE
457.224 39.5188 56.4764 10.2576 J0052−723
531.633 39.1601 17.9328 10.7597 441

47.4485 63.235 24.4065 8.06976 optical
74.1325 63.235 45.101 8.06976 observations
121.511 63.235 17.4217 8.06976 were
141.21 63.235 19.4212 8.06976 made
162.909 63.235 6.47374 8.06976 at
171.66 63.235 10.9569 8.06976 the
184.894 63.235 20.9276 8.06976 South
208.099 63.235 27.3834 8.06976 African
237.76 63.235 48.8131 8.06976 Astronomical

47.4485 74.1919 45.7555 8.06976 Observatory.

47.4485 101.656 6.47374 7.8994 R
55.0879 101.656 5.98059 7.8994 E
62.2341 101.656 5.47847 7.8994 F
68.8782 101.656 5.98059 7.8994 E
76.0244 101.656 6.47374 7.8994 R
83.6638 101.656 5.98059 7.8994 E
90.81 101.656 6.47374 7.8994 N
98.4494 101.656 6.47374 7.8994 C
106.089 101.656 5.98059 7.8994 E
113.235 101.656 4.98532 7.8994 S

47.4485 118.71 33.1955 7.17309 Azzopardi
82.6365 118.71 11.0705 7.17309 M.,
95.6995 118.71 26.5245 7.17309 Vigneau
124.217 118.71 7.08542 7.17309 J.,
133.294 118.71 17.9327 7.17309 1978,
153.22 118.71 24.1335 7.17309 A&AS,
179.346 118.71 9.96263 7.17309 50,
191.301 118.71 11.9552 7.17309 291

47.4485 128.672 26.5723 7.17309 Bildsten
75.4315 128.672 8.85478 7.17309 L.,
85.697 128.672 17.9327 7.17309 1998,
105.04 128.672 6.20074 7.17309 in
112.652 128.672 14.1708 7.17309 Holt
128.233 128.672 6.4239 7.17309 S.
136.068 128.672 8.41643 7.17309 S.,
145.895 128.672 27.449 7.17309 Kallman
174.755 128.672 6.27247 7.17309 T.
182.438 128.672 9.30111 7.17309 R.,
193.15 128.672 12.6167 7.17309 eds,
207.177 128.672 12.8398 7.17309 AIP
221.428 128.672 17.9327 7.17309 Conf.
240.771 128.672 16.6017 7.17309 Proc.
258.784 128.672 13.9477 7.17309 431,
274.142 128.672 12.3935 7.17309 The

59.4036 138.635 26.118 7.17309 Angular
87.1555 138.635 37.1965 7.17309 Momentum
125.986 138.635 6.63909 7.17309 of
134.259 138.635 31.4261 7.17309 Accreting
167.319 138.635 26.118 7.17309 Neutron
195.071 138.635 17.9327 7.17309 Stars.
214.637 138.635 31.4261 7.17309 Accretion
247.697 138.635 30.9877 7.17309 Processes
280.319 138.635 6.20074 7.17309 in

59.4036 148.598 44.2245 7.17309 Astrophysical
105.899 148.598 28.7824 7.17309 Systems;
136.952 148.598 18.1535 7.17309 Some
157.376 148.598 14.5271 7.17309 Like
174.174 148.598 4.43058 7.17309 it
180.875 148.598 14.6068 7.17309 Hot!
197.753 148.598 13.9461 7.17309 Am.
213.969 148.598 13.9445 7.17309 Inst.
230.185 148.598 19.4829 7.17309 Phys.,
251.938 148.598 14.8467 7.17309 New
269.056 148.598 17.4912 7.17309 York,

59.4036 158.56 5.97758 7.17309 p.
67.3738 158.56 27.8954 7.17309 299–308

47.4485 168.523 26.5723 7.17309 Bildsten
76.0133 168.523 6.86226 7.17309 L.
84.8681 168.523 5.75441 7.17309 et
92.6151 168.523 9.73946 7.17309 al.,
104.347 168.523 17.9327 7.17309 1997,
124.272 168.523 19.2637 7.17309 ApJS,
145.529 168.523 13.9477 7.17309 113,
161.469 168.523 11.9552 7.17309 367

47.4485 178.486 21.7026 7.17309 Bohlin
71.1436 178.486 7.30858 7.17309 R.
80.4447 178.486 9.30111 7.17309 C.,
91.7383 178.486 22.659 7.17309 Savage
116.39 178.486 7.30858 7.17309 B.
125.691 178.486 9.73946 7.17309 D.,
137.423 178.486 19.3913 7.17309 Drake
158.807 178.486 5.09289 7.17309 J.
165.892 178.486 7.77882 7.17309 F.,
175.663 178.486 17.9327 7.17309 1978,
195.589 178.486 14.8324 7.17309 ApJ,
212.414 178.486 13.9477 7.17309 224,
228.354 178.486 11.9552 7.17309 132

47.4485 188.448 12.8398 7.17309 Coe
61.5875 188.448 9.07794 7.17309 M.
71.9645 188.448 7.08542 7.17309 J.,
80.3491 188.448 17.9327 7.17309 2000,
99.5809 188.448 6.20074 7.17309 in
107.081 188.448 19.0485 7.17309 Smith
127.428 188.448 9.07794 7.17309 M.
137.806 188.448 9.73946 7.17309 A.,
148.844 188.448 28.7721 7.17309 Henrichs
178.915 188.448 7.74694 7.17309 H.
187.961 188.448 5.78629 7.17309 F.
195.047 188.448 12.6167 7.17309 eds,
208.963 188.448 16.6017 7.17309 Proc.
226.863 188.448 13.7245 7.17309 IAU
241.887 188.448 15.725 7.17309 Coll.
258.911 188.448 13.9477 7.17309 175,
274.158 188.448 12.3935 7.17309 The

59.4036 198.411 8.85478 7.17309 Be
70.5458 198.411 50.4746 7.17309 Phenomenon-in
123.3 198.411 35.6582 7.17309 Early-Type
161.246 198.411 17.9327 7.17309 Stars.
181.458 198.411 23.6871 7.17309 Astron.
207.424 198.411 13.9477 7.17309 Soc.
223.651 198.411 13.3818 7.17309 Pac,
239.321 198.411 11.9552 7.17309 San
253.563 198.411 32.9803 7.17309 Francisco,

59.4036 208.373 5.97758 7.17309 p.
67.3738 208.373 11.9552 7.17309 656

47.4485 218.336 21.6946 7.17309 Corbet
71.1356 218.336 7.30858 7.17309 R.
80.4367 218.336 7.74694 7.17309 H.
90.1762 218.336 9.73946 7.17309 D.,
101.908 218.336 17.9327 7.17309 1986,
121.833 218.336 30.3342 7.17309 MNRAS,
154.16 218.336 13.9477 7.17309 220,
170.1 218.336 15.9402 7.17309 1047

47.4485 228.299 21.6946 7.17309 Corbet
71.1356 228.299 7.30858 7.17309 R.
80.4367 228.299 7.74694 7.17309 H.
90.1762 228.299 9.73946 7.17309 D.,
101.908 228.299 28.3337 7.17309 Marshall
132.234 228.299 5.78629 7.17309 F.
140.013 228.299 8.85478 7.17309 E.,
150.861 228.299 35.3315 7.17309 Markwardt
188.185 228.299 7.30858 7.17309 C.
197.486 228.299 9.30111 7.17309 B.,
208.779 228.299 17.9327 7.17309 2001,
228.705 228.299 13.7245 7.17309 IAU
244.422 228.299 17.7096 7.17309 Circ.,
264.124 228.299 15.9402 7.17309 7562

47.4485 238.261 28.3257 7.17309 Gardiner
77.7668 238.261 6.86226 7.17309 L.
86.6215 238.261 8.26499 7.17309 T.,
96.8791 238.261 27.449 7.17309 Noguchi
126.321 238.261 11.0705 7.17309 M.,
139.384 238.261 17.9327 7.17309 1996,
159.309 238.261 30.3342 7.17309 MNRAS,
191.636 238.261 13.9477 7.17309 278,
207.576 238.261 11.9552 7.17309 191

47.4485 248.224 28.3257 7.17309 Gardiner
77.8066 248.224 6.86226 7.17309 L.
86.7012 248.224 8.26499 7.17309 T.,
96.9986 248.224 17.9327 7.17309 1999,
116.964 248.224 6.20074 7.17309 in
125.197 248.224 13.2862 7.17309 Chu
140.515 248.224 19.1123 7.17309 Y.-H.,
161.66 248.224 26.8034 7.17309 Suntzeff
190.496 248.224 7.74694 7.17309 N.
200.275 248.224 9.30111 7.17309 B.,
211.609 248.224 21.6866 7.17309 Hesser
235.328 248.224 5.09289 7.17309 J.
242.453 248.224 8.85478 7.17309 E.,
253.34 248.224 33.2034 7.17309 Bohlender

59.4036 258.187 7.74694 7.17309 D.
68.8881 258.187 9.73946 7.17309 A.,
80.365 258.187 12.6167 7.17309 eds,
94.7192 258.187 16.6017 7.17309 Proc.
113.058 258.187 13.7245 7.17309 IAU
128.52 258.187 20.5947 7.17309 Symp.
150.853 258.187 13.9477 7.17309 190,
166.538 258.187 14.8483 7.17309 New
183.124 258.187 19.6861 7.17309 Views
204.547 258.187 6.63909 7.17309 of
212.924 258.187 9.73946 7.17309 the
224.401 258.187 35.8575 7.17309 Magellanic
261.988 258.187 24.5798 7.17309 Clouds.

59.4036 268.149 23.6871 7.17309 Astron.
85.0833 268.149 13.9477 7.17309 Soc.
101.024 268.149 15.3743 7.17309 Pac.,
118.39 268.149 11.9552 7.17309 San
132.338 268.149 32.9803 7.17309 Francisco,
167.311 268.149 5.97758 7.17309 p.
175.281 268.149 11.9552 7.17309 480

47.4485 278.112 43.9392 7.17309 Groenewegen
93.3802 278.112 9.07794 7.17309 M.
104.451 278.112 7.74694 7.17309 A.
114.19 278.112 8.26499 7.17309 T.,
124.448 278.112 17.9327 7.17309 2000,
144.373 278.112 19.7021 7.17309 A&A,
166.067 278.112 13.9477 7.17309 363,
182.008 278.112 11.9552 7.17309 901

47.4485 288.074 21.6866 7.17309 Haberl
71.1277 288.074 7.77882 7.17309 F.,
80.899 288.074 20.8099 7.17309 Sasaki
103.701 288.074 11.0705 7.17309 M.,
116.764 288.074 17.9327 7.17309 2000,
136.69 288.074 19.7021 7.17309 A&A,
158.384 288.074 13.9477 7.17309 359,
174.325 288.074 11.9552 7.17309 573

47.4485 298.037 13.7245 7.17309 Hog
63.1655 298.037 6.86226 7.17309 E.
72.0203 298.037 5.75441 7.17309 et
79.7673 298.037 9.73946 7.17309 al.,
91.4992 298.037 17.9327 7.17309 2000,
111.424 298.037 19.7021 7.17309 A&A,
133.119 298.037 13.9477 7.17309 355,
149.059 298.037 12.8398 7.17309 L27

47.4485 308 22.129 7.17309 Jahoda
72.5894 308 9.73787 7.17309 K.,
85.3392 308 21.6117 7.17309 Swank
109.963 308 5.0921 7.17309 J.
118.067 308 9.73787 7.17309 H.,
130.817 308 16.8217 7.17309 Stark
150.65 308 9.07715 7.17309 M.
162.739 308 7.08382 7.17309 J.,
172.835 308 37.1813 7.17309 Strohmayer
213.028 308 8.2634 7.17309 T.,
224.303 308 20.3604 7.17309 Zhang
247.676 308 10.774 7.17309 W.,
261.462 308 25.0859 7.17309 Morgan

59.4036 317.962 6.86226 7.17309 E.
68.2584 317.962 9.73946 7.17309 H.,
79.9904 317.962 17.9327 7.17309 1996,
99.9157 317.962 16.6017 7.17309 Proc.
118.51 317.962 18.3791 7.17309 SPIE,
138.881 317.962 17.9327 7.17309 2808,
158.807 317.962 7.9701 7.17309 59

47.4485 327.925 24.787 7.17309 Jaschek
74.0607 327.925 9.30111 7.17309 C.,
85.1869 327.925 24.787 7.17309 Jaschek
111.799 327.925 11.0705 7.17309 M.,
124.695 327.925 17.9327 7.17309 1990,
144.453 327.925 12.3935 7.17309 The
158.671 327.925 43.3813 7.17309 Classiﬁcation
203.87 327.925 6.63909 7.17309 of
212.334 327.925 17.9327 7.17309 Stars.
232.084 327.925 35.4191 7.17309 Cambridge
269.32 327.925 17.2154 7.17309 Univ.

59.4036 337.888 18.8174 7.17309 Press,
80.2136 337.888 35.4191 7.17309 Cambridge

47.4485 347.85 27.4411 7.17309 Laycock
78.5478 347.85 8.41643 7.17309 S.,
90.6225 347.85 21.6946 7.17309 Corbet
115.975 347.85 7.30858 7.17309 R.
126.942 347.85 7.74694 7.17309 H.
138.347 347.85 9.73946 7.17309 D.,
151.745 347.85 27.449 7.17309 Perrodin
182.853 347.85 9.73946 7.17309 D.,
196.25 347.85 12.8398 7.17309 Coe
212.748 347.85 9.07794 7.17309 M.
225.485 347.85 7.08542 7.17309 J.,
236.228 347.85 28.3337 7.17309 Marshall
268.22 347.85 5.78629 7.17309 F.
277.665 347.85 8.85478 7.17309 E.,

59.4036 357.813 35.3315 7.17309 Markwardt
96.7276 357.813 9.30111 7.17309 C.,
108.021 357.813 17.9327 7.17309 2002,
127.947 357.813 19.7021 7.17309 A&A,
149.641 357.813 13.9477 7.17309 385,
165.581 357.813 11.9552 7.17309 464

47.4485 367.775 7.08542 7.17309 Li
56.7974 367.775 5.53922 7.17309 P.
64.6002 367.775 8.41643 7.17309 S.,
75.2801 367.775 30.5494 7.17309 Thronson
108.093 367.775 7.74694 7.17309 H.
118.103 367.775 9.73946 7.17309 A.,
130.106 367.775 17.9327 7.17309 1999,
150.303 367.775 6.20074 7.17309 in
158.767 367.775 13.2862 7.17309 Chu
174.317 367.775 19.1123 7.17309 Y.-H.,
195.692 367.775 26.8034 7.17309 Suntzeff
224.759 367.775 7.74694 7.17309 N.
234.77 367.775 9.30111 7.17309 B.,
246.334 367.775 21.6866 7.17309 Hesser
270.285 367.775 5.09289 7.17309 J.
277.641 367.775 8.85478 7.17309 E.,

322.417 63.9154 33.2034 7.17309 Bohlender
357.709 63.9154 7.74694 7.17309 D.
367.544 63.9154 9.73946 7.17309 A.,
379.371 63.9154 12.6167 7.17309 eds,
394.076 63.9154 16.6017 7.17309 Proc.
412.766 63.9154 13.7245 7.17309 IAU
428.579 63.9154 20.5947 7.17309 Symp.
451.262 63.9154 13.9477 7.17309 190,
467.297 63.9154 14.8483 7.17309 New
484.234 63.9154 19.6861 7.17309 Views
506.008 63.9154 6.63909 7.17309 of
514.735 63.9154 9.73946 7.17309 the
526.563 63.9154 23.0176 7.17309 Magel-

322.417 73.878 15.4939 7.17309 lanic
339.903 73.878 24.5798 7.17309 Clouds.
366.476 73.878 23.6871 7.17309 Astron.
392.155 73.878 13.9477 7.17309 Soc.
408.096 73.878 15.3743 7.17309 Pac.,
425.462 73.878 11.9552 7.17309 San
439.41 73.878 32.9803 7.17309 Francisco,
474.383 73.878 5.97758 7.17309 p.
482.353 73.878 11.9552 7.17309 503

310.462 83.8406 42.4966 7.17309 Maragoudaki
355.589 83.8406 7.77882 7.17309 F.,
366.005 83.8406 28.0548 7.17309 Kontizas
396.698 83.8406 9.07794 7.17309 M.
408.414 83.8406 25.05 7.17309 Morgan
436.102 83.8406 7.74694 7.17309 D.
446.487 83.8406 9.73946 7.17309 H.,
458.865 83.8406 28.0548 7.17309 Kontizas
489.558 83.8406 8.85478 7.17309 E.,
501.051 83.8406 36.1524 7.17309 Dapergolas
539.841 83.8406 9.73946 7.17309 A.,

322.417 93.8033 26.1658 7.17309 Livanou
350.575 93.8033 8.85478 7.17309 E.,
361.423 93.8033 17.9327 7.17309 2001,
381.348 93.8033 19.7021 7.17309 A&A,
403.042 93.8033 13.9477 7.17309 379,
418.983 93.8033 11.9552 7.17309 864

310.462 103.766 41.054 7.17309 Meyssonnier
353.508 103.766 9.73946 7.17309 N.,
365.24 103.766 33.1955 7.17309 Azzopardi
400.428 103.766 11.0705 7.17309 M.,
413.491 103.766 17.9327 7.17309 1993,
433.417 103.766 24.1335 7.17309 A&AS,
459.543 103.766 13.9477 7.17309 102,
475.483 103.766 11.9552 7.17309 451

310.462 113.729 23.4162 7.17309 Nagase
335.87 113.729 7.77882 7.17309 F.,
345.642 113.729 17.9327 7.17309 1989,
365.567 113.729 18.9768 7.17309 PASJ,
386.536 113.729 9.96263 7.17309 41,
398.492 113.729 3.98505 7.17309 1

310.462 123.691 36.6146 7.17309 Negueruela
349.069 123.691 6.63909 7.17309 I.,
357.701 123.691 17.9327 7.17309 1998,
377.626 123.691 19.7021 7.17309 A&A,
399.32 123.691 13.9477 7.17309 338,
415.261 123.691 11.9552 7.17309 505

310.462 133.654 19.4789 7.17309 Porter
331.933 133.654 7.08542 7.17309 J.,
341.011 133.654 17.9327 7.17309 1996,
360.936 133.654 30.3342 7.17309 MNRAS,
393.263 133.654 13.9477 7.17309 280,
409.203 133.654 12.8398 7.17309 L31

310.462 143.616 16.8249 7.17309 Press
329.279 143.616 8.78305 7.17309 W.
340.055 143.616 9.73946 7.17309 H.,
351.787 143.616 25.2413 7.17309 Rybicki
379.021 143.616 7.74694 7.17309 G.
388.76 143.616 9.30111 7.17309 B.,
400.054 143.616 17.9327 7.17309 1989,
419.979 143.616 14.8324 7.17309 ApJ,
436.804 143.616 13.9477 7.17309 338,
452.744 143.616 11.9552 7.17309 277

310.462 153.579 16.8249 7.17309 Press
328.865 153.579 8.78305 7.17309 W.
339.226 153.579 9.73946 7.17309 H.,
350.543 153.579 32.8926 7.17309 Teukolsky
385.014 153.579 6.4239 7.17309 S.
393.016 153.579 9.73946 7.17309 A.,
404.334 153.579 31.4341 7.17309 Vetterling
437.346 153.579 8.78305 7.17309 W.
447.707 153.579 8.26499 7.17309 T.,
457.55 153.579 28.3337 7.17309 Flannery
487.454 153.579 7.30858 7.17309 B.
496.34 153.579 7.53174 7.17309 P.,
505.45 153.579 17.9327 7.17309 1993,
524.961 153.579 24.6276 7.17309 Numer-

322.417 163.542 11.5088 7.17309 ical
335.918 163.542 27.449 7.17309 Recipies
365.36 163.542 6.20074 7.17309 in
373.553 163.542 25.3369 7.17309 Fortran,
400.883 163.542 11.9552 7.17309 2nd
414.83 163.542 13.5013 7.17309 edn.
430.324 163.542 35.4191 7.17309 Cambridge
467.736 163.542 17.2154 7.17309 Univ.
486.944 163.542 18.8174 7.17309 Press,
507.754 163.542 35.4191 7.17309 Cambridge

310.462 173.504 33.2034 7.17309 Rappaport
345.658 173.504 8.41643 7.17309 S.,
356.067 173.504 13.2862 7.17309 Joss
371.345 173.504 5.53922 7.17309 P.
378.877 173.504 9.30111 7.17309 C.,
390.171 173.504 17.9327 7.17309 1977,
410.096 173.504 13.5013 7.17309 Nat,
425.59 173.504 13.9477 7.17309 266,
441.53 173.504 11.9552 7.17309 683

310.462 183.467 23.7589 7.17309 Scargle
336.213 183.467 5.09289 7.17309 J.
343.299 183.467 9.73946 7.17309 D.,
355.031 183.467 17.9327 7.17309 1982,
374.956 183.467 14.8324 7.17309 ApJ,
391.781 183.467 13.9477 7.17309 263,
407.721 183.467 11.9552 7.17309 835

310.462 193.43 18.6022 7.17309 Singh
331.057 193.43 7.74694 7.17309 K.
340.796 193.43 7.53174 7.17309 P.,
350.32 193.43 22.133 7.17309 Barrett
374.446 193.43 7.53174 7.17309 P.,
383.97 193.43 27.3295 7.17309 Schlegel
413.292 193.43 8.85478 7.17309 E.,
424.139 193.43 19.4789 7.17309 White
445.611 193.43 7.74694 7.17309 N.
455.35 193.43 8.85478 7.17309 E.,
466.198 193.43 17.9327 7.17309 1995,
486.123 193.43 13.7245 7.17309 IAU
501.84 193.43 17.7096 7.17309 Circ.,
521.542 193.43 15.9402 7.17309 6195

310.462 203.392 29.6647 7.17309 Slettebak
342.119 203.392 9.73946 7.17309 A.,
353.851 203.392 23.0336 7.17309 Collins
378.877 203.392 7.74694 7.17309 G.
388.617 203.392 10.7756 7.17309 W.,
401.385 203.392 18.7536 7.17309 Truax
422.131 203.392 9.30111 7.17309 R.,
433.425 203.392 17.9327 7.17309 1992,
453.35 203.392 19.2637 7.17309 ApJS,
474.606 203.392 9.96263 7.17309 81,
486.561 203.392 11.9552 7.17309 335

310.462 213.355 41.062 7.17309 Stanimirovic
354.799 213.355 8.41643 7.17309 S.,
366.492 213.355 48.7531 7.17309 Staveley-Smith
418.52 213.355 8.85478 7.17309 L.,
430.651 213.355 22.8184 7.17309 Dickey
456.745 213.355 5.09289 7.17309 J.
465.114 213.355 11.0705 7.17309 M.,
479.46 213.355 16.3865 7.17309 Sault
499.122 213.355 7.30858 7.17309 R.
509.706 213.355 7.08542 7.17309 J.,
520.067 213.355 29.4655 7.17309 Snowden

322.417 223.317 6.4239 7.17309 S.
330.833 223.317 8.85478 7.17309 L.,
341.681 223.317 17.9327 7.17309 1999,
361.606 223.317 30.3342 7.17309 MNRAS,
393.933 223.317 13.9477 7.17309 302,
409.873 223.317 11.9552 7.17309 417

310.462 233.28 39.4042 7.17309 Stellingwerf
351.858 233.28 7.30858 7.17309 R.
361.16 233.28 7.77882 7.17309 F.,
370.931 233.28 17.9327 7.17309 1978,
390.856 233.28 14.8324 7.17309 ApJ,
407.681 233.28 13.9477 7.17309 224,
423.621 233.28 11.9552 7.17309 953

310.462 243.243 24.795 7.17309 Udalski
337.233 243.243 9.73946 7.17309 A.,
348.957 243.243 34.9808 7.17309 Szymanski
385.915 243.243 11.0705 7.17309 M.,
398.97 243.243 23.3444 7.17309 Kubiak
424.291 243.243 11.0705 7.17309 M.,
437.346 243.243 35.8655 7.17309 Pietrzynski
475.188 243.243 9.73946 7.17309 G.,
486.904 243.243 28.1345 7.17309 Wozniak
517.015 243.243 7.53174 7.17309 P.,
526.531 243.243 23.0176 7.17309 Zebrun

322.417 253.205 9.73946 7.17309 K.,
334.149 253.205 17.9327 7.17309 1998,
354.074 253.205 15.0475 7.17309 Acta
371.114 253.205 25.6797 7.17309 Astron.,
398.786 253.205 9.96263 7.17309 48,
410.742 253.205 11.9552 7.17309 147

310.462 263.168 11.3096 7.17309 van
324.601 263.168 11.5088 7.17309 den
338.931 263.168 22.8981 7.17309 Heuvel
364.658 263.168 6.86226 7.17309 E.
374.342 263.168 5.53922 7.17309 P.
382.711 263.168 7.08542 7.17309 J.,
392.618 263.168 17.9327 7.17309 1983,
413.372 263.168 6.20074 7.17309 in
422.394 263.168 20.1644 7.17309 Lewin
445.388 263.168 8.78305 7.17309 W.
456.992 263.168 7.74694 7.17309 H.
467.568 263.168 9.73946 7.17309 G.,
480.129 263.168 11.3096 7.17309 van
494.268 263.168 11.5088 7.17309 den
508.598 263.168 22.8981 7.17309 Heuvel
534.326 263.168 6.86226 7.17309 E.
544.01 263.168 5.53922 7.17309 P.

322.417 273.131 7.08542 7.17309 J.,
331.296 273.131 12.6167 7.17309 eds,
345.706 273.131 31.4261 7.17309 Accretion
378.925 273.131 21.8142 7.17309 Driven
402.532 273.131 20.8099 7.17309 Stellar
425.136 273.131 18.5863 7.17309 X-ray
445.515 273.131 27.2259 7.17309 Sources.
474.534 273.131 35.4191 7.17309 Cambridge
511.747 273.131 17.2154 7.17309 Univ.
530.755 273.131 18.8174 7.17309 Press,

322.417 283.093 37.4116 7.17309 Cambridge,
361.821 283.093 5.97758 7.17309 p.
369.791 283.093 11.9552 7.17309 316

310.462 293.056 21.4714 7.17309 White,
333.926 293.056 7.74694 7.17309 N.
343.665 293.056 6.86226 7.17309 E,
352.52 293.056 23.6074 7.17309 Swank,
378.12 293.056 5.09289 7.17309 J.
385.205 293.056 9.73946 7.17309 H.,
396.937 293.056 16.1634 7.17309 Holt,
415.093 293.056 6.4239 7.17309 S.
423.51 293.056 8.41643 7.17309 S.,
433.919 293.056 17.9327 7.17309 1983,
453.844 293.056 14.8324 7.17309 ApJ,
470.669 293.056 13.9477 7.17309 263,
486.609 293.056 11.9552 7.17309 277

310.462 303.018 33.3597 7.17309 Yokogawa
345.812 303.018 7.08223 7.17309 J.,
354.886 303.018 15.2962 7.17309 Torii
372.173 303.018 9.73627 7.17309 K.,
383.9 303.018 27.8842 7.17309 Imanishi
413.775 303.018 9.73627 7.17309 K.,
425.502 303.018 26.6361 7.17309 Koyama
454.129 303.018 9.73627 7.17309 K.,
465.856 303.018 17.9263 7.17309 2000,
485.774 303.018 18.9704 7.17309 PASJ,
506.735 303.018 9.95944 7.17309 52,
518.685 303.018 12.8366 7.17309 L37

310.462 312.981 34.3352 7.17309 Yoshizawa
347.284 312.981 7.74694 7.17309 A.
357.517 312.981 11.0705 7.17309 M.,
371.074 312.981 27.449 7.17309 Noguchi
401.01 312.981 11.0705 7.17309 M.,
414.567 312.981 17.9327 7.17309 1999,
434.987 312.981 6.20074 7.17309 in
443.674 312.981 22.133 7.17309 Barnes
468.294 312.981 5.09289 7.17309 J.
475.873 312.981 8.85478 7.17309 E.,
487.215 312.981 25.2333 7.17309 Sanders
514.935 312.981 7.74694 7.17309 D.
525.168 312.981 9.30111 7.17309 B.,
536.956 312.981 12.6167 7.17309 eds,

322.417 322.944 16.6017 7.17309 Proc.
341.521 322.944 13.7245 7.17309 IAU
357.748 322.944 20.5947 7.17309 Symp.
380.846 322.944 13.9477 7.17309 186,
397.296 322.944 23.0176 7.17309 Galaxy
422.816 322.944 37.6268 7.17309 Interactions
462.946 322.944 5.75441 7.17309 at
471.203 322.944 14.4099 7.17309 Low
488.115 322.944 11.5088 7.17309 and
502.127 322.944 15.9402 7.17309 High
520.57 322.944 29.0032 7.17309 Redshift.

322.417 332.906 25.5761 7.17309 Kluwer,
349.986 332.906 34.3033 7.17309 Dordrecht,
386.281 332.906 5.97758 7.17309 p.
394.251 332.906 7.9701 7.17309 60

310.462 342.869 26.4448 7.17309 Zaritsky
338.899 342.869 9.73946 7.17309 D.,
350.631 342.869 19.9173 7.17309 Harris
372.541 342.869 7.08542 7.17309 J.,
381.619 342.869 21.6866 7.17309 Grebel
405.298 342.869 6.86226 7.17309 E.
414.153 342.869 9.73946 7.17309 K.,
425.885 342.869 34.0961 7.17309 Thompson
461.973 342.869 4.64657 7.17309 I.
468.612 342.869 9.30111 7.17309 B.,
479.906 342.869 17.9327 7.17309 2000,
499.831 342.869 14.8324 7.17309 ApJ,
516.656 342.869 13.9477 7.17309 534,
532.596 342.869 12.8398 7.17309 L53

310.462 367.504 14.1708 7.17309 This
326.625 367.504 17.7016 7.17309 paper
346.319 367.504 10.6241 7.17309 has
358.936 367.504 15.0475 7.17309 been
375.976 367.504 22.5793 7.17309 typeset
400.548 367.504 15.4939 7.17309 from
418.034 367.504 3.53872 7.17309 a
423.565 367.504 4.86973 7.17309 T
427.104 369.298 4.86973 7.17309 E
430.978 367.504 12.8398 7.17309 X/L
440.951 367.524 4.31583 5.37984 A
444.071 367.503 4.86973 7.17309 T
447.61 369.296 4.86973 7.17309 E
451.483 367.503 5.75441 7.17309 X
459.23 367.503 10.1858 7.17309 ﬁle
471.409 367.503 27.8794 7.17309 prepared
501.281 367.503 7.9701 7.17309 by
511.243 367.503 9.73946 7.17309 the
522.975 367.503 21.9178 7.17309 author.

48.6769 753.372 3.32253 4.48317 C
55.4186 752.384 15.9402 7.17309 2003
73.3513 752.384 17.4944 7.17309 RAS,
92.8382 752.384 28.3417 7.17309 MNRAS
123.172 752.439 13.9477 7.02166 339,
139.113 752.384 27.8954 7.17309 435–441

571.418 178.061 7.408 44.464 Downloaded
571.418 224.741 7.408 15.992 from
571.418 242.949 7.408 241.32 https://academic.oup.com/mnras/article-abstract/339/2/435/1005209
571.418 486.485 7.408 8.448 by
571.418 497.149 7.408 21.312 INRIA
571.418 520.677 7.408 15.56 user
571.418 538.453 7.408 8.896 on
571.418 549.565 7.408 8.896 31
571.418 560.677 7.408 28.44 October
571.418 591.333 7.408 17.792 2018
